@book{feynman2010quantum,
  title={Quantum mechanics and path integrals},
  author={Feynman, Richard P and Hibbs, Albert R and Styer, Daniel F},
  year={2010},
  publisher={Courier Corporation}
}

@article{shannon1948mathematical,
  title={A mathematical theory of communication},
  author={Shannon, Claude Elwood},
  journal={The Bell system technical journal},
  volume={27},
  number={3},
  pages={379--423},
  year={1948},
  publisher={Nokia Bell Labs}
}

@article{hochberg1999effective,
  title={Effective action for stochastic partial differential equations},
  author={Hochberg, David and Molina-Paris, Carmen and Perez-Mercader, Juan and Visser, Matt},
  journal={Physical Review E},
  volume={60},
  number={6},
  pages={6343},
  year={1999},
  publisher={APS}
}

@article{terekhov2014conditional,
  title={Conditional probability calculations for the nonlinear Schr{\"o}dinger equation with additive noise},
  author={Terekhov, IS and Vergeles, SS and Turitsyn, SK},
  journal={Physical Review Letters},
  volume={113},
  number={23},
  pages={230602},
  year={2014},
  publisher={APS}
}

@article{terekhov2017log,
  title={Log-log growth of channel capacity for nondispersive nonlinear optical fiber channel in intermediate power range},
  author={Terekhov, IS and Reznichenko, AV and Kharkov, Ya A and Turitsyn, SK},
  journal={Physical Review E},
  volume={95},
  number={6},
  pages={062133},
  year={2017},
  publisher={APS}
}

@article{reznichenko2019log,
  title={Log-log growth of channel capacity for nondispersive nonlinear optical fiber channel in intermediate power range: Extension of the model},
  author={Reznichenko, AV and Chernykh, AI and Smirnov, SV and Terekhov, IS},
  journal={Physical Review E},
  volume={99},
  number={1},
  pages={012133},
  year={2019},
  publisher={APS}
}

@article{reznichenko2022optimal,
  title={Optimal input signal distribution for a nonlinear optical fiber channel with small Kerr nonlinearity},
  author={Reznichenko, AV and Chernykh, AI and Sedov, EV and Terekhov, IS},
  journal={JOSA B},
  volume={39},
  number={3},
  pages={810--820},
  year={2022},
  publisher={Optica Publishing Group}
}

@book{novikov1984theory,
  title={Theory of solitons: the inverse scattering method},
  author={Novikov, S and Manakov, Sergei V and Pitaevskii, Lev Petrovich and Zakharov, Vladimir Evgenevi{\v{c}}},
  year={1984},
  publisher={Springer Science \& Business Media}
}

@article{turitsyn2003information,
  title={Information capacity of optical fiber channels with zero average dispersion},
  author={Turitsyn, KS and Derevyanko, SA and Yurkevich, IV and Turitsyn, SK},
  journal={Physical review letters},
  volume={91},
  number={20},
  pages={203901},
  year={2003},
  publisher={APS}
}

@article{panarin2017next,
  title={Next-to-leading-order corrections to capacity for a nondispersive nonlinear optical fiber channel in the intermediate power region},
  author={Panarin, AA and Reznichenko, AV and Terekhov, IS},
  journal={Physical Review E},
  volume={95},
  number={1},
  pages={012127},
  year={2017},
  publisher={APS}
}

@book{zinn2021quantum,
  title={Quantum field theory and critical phenomena},
  author={Zinn-Justin, Jean},
  volume={171},
  year={2021},
  publisher={Oxford university press}
}

@article{terekhov2016calculation,
  title={Calculation of mutual information for nonlinear communication channel at large signal-to-noise ratio},
  author={Terekhov, IS and Reznichenko, AV and Turitsyn, SK},
  journal={Physical Review E},
  volume={94},
  number={4},
  pages={042203},
  year={2016},
  publisher={APS}
}

@article{martin1973statistical,
  title={Statistical dynamics of classical systems},
  author={Martin, Paul Cecil and Siggia, ED and Rose, HA},
  journal={Physical Review A},
  volume={8},
  number={1},
  pages={423},
  year={1973},
  publisher={APS}
}

@article{kramer2018autocorrelation,
  title={Autocorrelation function for dispersion-free fiber channels with distributed amplification},
  author={Kramer, Gerhard},
  journal={IEEE Transactions on Information Theory},
  volume={64},
  number={7},
  pages={5131--5155},
  year={2018},
  publisher={IEEE}
}

@article{shtaif2022challenges,
  title={Challenges in estimating the information capacity of the fiber-optic channel},
  author={Shtaif, Mark and Antonelli, Cristian and Mecozzi, Antonio and Chen, Xi},
  journal={Proceedings of the IEEE},
  year={2022},
  publisher={IEEE}
}

@article{haus1991quantum,
  title={Quantum noise in a solitonlike repeater system},
  author={Haus, Hermann A},
  journal={JOSA B},
  volume={8},
  number={5},
  pages={1122--1126},
  year={1991},
  publisher={Optica Publishing Group}
}

@book{kleinert2009path,
  title={Path integrals in quantum mechanics, statistics, polymer physics, and financial markets},
  author={Kleinert, Hagen},
  year={2009},
  publisher={World scientific}
}

@incollection{agrawal2000nonlinear,
  title={Nonlinear fiber optics},
  author={Agrawal, Govind P},
  booktitle={Nonlinear Science at the Dawn of the 21st Century},
  pages={195--211},
  year={2000},
  publisher={Springer}
}

@article{menyuk1999application,
  title={Application of multiple-length-scale methods to the study of optical fiber transmission},
  author={Menyuk, CR},
  journal={Journal of Engineering Mathematics},
  volume={36},
  pages={113--136},
  year={1999},
  publisher={Springer}
}

@article{kodama1985optical,
  title={Optical solitons in a monomode fiber},
  author={Kodama, Yuji},
  journal={Journal of Statistical Physics},
  volume={39},
  pages={597--614},
  year={1985},
  publisher={Springer}
}

