

@article{Alfarano2020ageometric,
  title={A geometric characterization of minimal codes and their asymptotic performance},
  author={Alfarano, Gianira N and Borello, Martino and Neri, Alessandro},
  journal={Advances in Mathematics of Communications},
  volume={16},
  number={1},
  pages={115},
  year={2022},
  publisher={American Institute of Mathematical Sciences}
}


@article{alfarano2022linear,
  title={Linear cutting blocking sets and minimal codes in the rank metric},
  author={Alfarano, Gianira N and Borello, Martino and Neri, Alessandro and Ravagnani, Alberto},
  journal={Journal of Combinatorial Theory, Series A},
  volume={192},
  pages={105658},
  year={2022},
  publisher={Elsevier}
}

@article{alfarano2021three,
  title={Three combinatorial perspectives on minimal codes},
  author={Alfarano, Gianira N and Borello, Martino and Neri, Alessandro and Ravagnani, Alberto},
  journal={SIAM Journal on Discrete Mathematics},
  volume={36},
  number={1},
  pages={461--489},
  year={2022},
  publisher={SIAM}
}

@article{alfarano2021sum,
  title={Sum-rank product codes and bounds on the minimum distance},
  author={Alfarano, Gianira N and Lobillo, F Javier and Neri, Alessandro and Wachter-Zeh, Antonia},
  journal={Finite Fields and Their Applications},
  volume={80},
  pages={102013},
  year={2022},
  publisher={Elsevier}
}

@article{ashikhmin1998minimal,
  title={Minimal vectors in linear codes},
  author={Ashikhmin, Alexei and Barg, Alexander},
  journal={IEEE Transactions on Information Theory},
  volume={44},
  number={5},
  pages={2010--2017},
  year={1998},
  publisher={IEEE}
}

@article {ACLN20+,
  title={Rank-Metric Codes Over Arbitrary Galois Extensions and Rank Analogues of Reed--Muller Codes},
  author={Augot, Daniel and Couvreur, Alain and Lavauzelle, Julien and Neri, Alessandro},
  journal={SIAM Journal on Applied Algebra and Geometry},
  volume={5},
  number={2},
  pages={165--199},
  year={2021},
  publisher={SIAM}
}

@inproceedings{augot2013rank,
  title={Rank metric and {G}abidulin codes in characteristic zero},
  author={Augot, Daniel and Loidreau, Pierre and Robert, Gwezheneg},
  booktitle={2013 IEEE International Symposium on Information Theory},
  pages={509--513},
  year={2013},
  organization={IEEE}
}

@article{baker2000baer,
  title={Baer subgeometry partitions},
  author={Baker, Ronald D and Dover, Jeremy M and Ebert, Gary L and Wantz, Kenneth L},
  journal={Journal of Geometry},
  volume={67},
  number={1},
  pages={23--34},
  year={2000},
  publisher={Springer}
}

@article{ball2000linear,
  title={Linear $(q+1)$-fold blocking sets in {PG}$(2,q^4)$},
  author={Ball, Simeon and Blokhuis, Aart and Lavrauw, Michel},
  journal={Finite Fields and Their Applications},
  volume={6},
  number={4},
  pages={294--301},
  year={2000},
  publisher={Elsevier}
}

@article{ball2020arcs,
  title={Arcs in finite projective spaces},
  author={Ball, Simeon and Lavrauw, Michel},
  journal={EMS Surveys in Mathematical Sciences},
  volume={6},
  number={1},
  pages={133--172},
  year={2020}
}

@article{bartoli2021inductive,
  title={An inductive construction of minimal codes},
  author={Bartoli, Daniele and Bonini, Matteo and G{\"u}ne{\c{s}}, Bur{\c{c}}in},
  journal={Cryptography and Communications},
  volume={13},
  number={3},
  pages={439--449},
  year={2021},
  publisher={Springer}
}

@article{bartoli2018maximum,
  title={Maximum scattered linear sets and complete caps in {G}alois spaces},
  author={Bartoli, Daniele and Giulietti, Massimo and Marino, Giuseppe and Polverino, Olga},
  journal={Combinatorica},
  volume={38},
  number={2},
  pages={255--278},
  year={2018},
  publisher={Springer}
}

@article{bartoli2021evasive,
  title={Evasive subspaces},
  author={Bartoli, Daniele and Csajb{\'o}k, Bence and Marino, Giuseppe and Trombetti, Rocco},
  journal={Journal of Combinatorial Designs},
  year={2021},
  publisher={Wiley Online Library}
}

@article{Bartoli2020newfamily,
  title={A new family of maximum scattered linear sets in {$\mathrm{PG}(1,q^6)$}},
  author={Bartoli, Daniele and Zanella, Corrado and Zullo, Ferdinando},
  journal={Ars Mathematica Contemporanea},
  volume={19},
  number={1},
  pages={125--145},
  year={2020},
  publisher={}
}

@article{bartoli2021small,
  title={Small Strong Blocking Sets by Concatenation},
  author={Bartoli, Daniele and Borello, Martino},
  journal={arXiv:2109.00584},
  year={2021}
}

@article{bartoli2020cutting,
  title={On cutting blocking sets and their codes},
  author={Bartoli, Daniele and Cossidente, Antonio and Marino, Giuseppe and Pavese, Francesco},
  journal={Forum Mathematicum},
  year={2022},
  organization={De Gruyter}
}

@article{bartoli2021weight,
  title={On the weight distribution of some minimal codes},
  author={Bartoli, Daniele and Bonini, Matteo and Timpanella, Marco},
  journal={Designs, Codes and Cryptography},
  volume={89},
  number={3},
  pages={471--487},
  year={2021},
  publisher={Springer}
}


@inproceedings{beelen2017twisted,
  title={Twisted reed-solomon codes},
  author={Beelen, Peter and Puchinger, Sven and n{\'e} Nielsen, Johan Rosenkilde},
  booktitle={2017 IEEE International Symposium on Information Theory (ISIT)},
  pages={336--340},
  year={2017},
  organization={IEEE}
}


@article{bonisoli1983every,
  title={Every equidistant linear code is a sequence of dual {H}amming codes},
  author={Bonisoli, Arrigo},
  journal={Ars Combinatoria},
  volume={18},
  pages={181--186},
  year={1983}
}

@article{Bonini2021minimal,
    title={Minimal linear codes arising from blocking sets},
    author={Bonini, Matteo and Borello, Martino},
    journal={Journal of Algebraic Combinatorics},
    volume={53},
    pages={327--341},
    year={2021}
}

@article{ball2008graph,
  title={On the graph of a function in many variables over a finite field},
  author={Ball, Simeon},
  journal={Designs, Codes and Cryptography},
  volume={47},
  number={1},
  pages={159--164},
  year={2008},
  publisher={Springer}
}


@article{bartoli2020asymptotics,
  title={Asymptotics of Moore exponent sets},
  author={Bartoli, Daniele and Zhou, Yue},
  journal={Journal of Combinatorial Theory, Series A},
  volume={175},
  pages={105281},
  year={2020},
  publisher={Elsevier}
}

@article{bartoli2021linear,
  title={Linear maximum rank distance codes of exceptional type},
  author={Bartoli, Daniele and Zini, Giovanni and Zullo, Ferdinando},
  journal={arXiv preprint arXiv:2110.08102},
  year={2021}
}

@article{blakley1979safeguarding,
    title={Safeguarding cryptographic keys},
    author={Blakley, G.R.},
    journal={Proceedings of the 1979 AFIPS National Computer Conference},
    volume={48},
    pages={313--317},
    year={1979}
}

@article{blokhuis2019cameron,
  title={Cameron–{L}iebler sets of $k$-spaces in {PG}$(n,q)$},
  author={Blokhuis, Aart and De Boeck, Maarten and D'haeseleer, Jozefien},
  journal={Designs, Codes and Cryptography},
  volume={65},
  number={8},
  pages={1839–1856},
  year={2019}
}


@article{blokhuis2000scattered,
  title={Scattered spaces with respect to a spread in {PG}$(n,q)$},
  author={Blokhuis, Aart and Lavrauw, Michel},
  journal={Geometriae Dedicata},
  volume={81},
  number={1},
  pages={231--243},
  year={2000},
  publisher={Springer}
}

@article{blokhuis2011blocking,
  title={Blocking sets in projective spaces},
  author={Blokhuis, Aart and Sziklai, P{\'e}ter and Szonyi, Tam{\'a}s},
  journal={Current research topics in Galois geometry, Nova Sci. Publ., New York},
  pages={61--84},
  year={2011}
}

@article{borello2023geometric,
  title={Geometric dual and sum-rank minimal codes},
  author={Borello, Martino and Zullo, Ferdinando},
  journal={in preparation},
  year={2023}
}



@article{byrne2021fundamental,
  author={Byrne, Eimear and Gluesing-Luerssen, Heide and Ravagnani, Alberto},
  journal={IEEE Transactions on Information Theory}, 
  title={Fundamental Properties of Sum-Rank-Metric Codes}, 
  year={2021},
  volume={},
  number={},
  doi={10.1109/TIT.2021.3074190}}


@article{byrne2019tensor,
  title={Tensor Representation of Rank-Metric Codes},
  author={Byrne, Eimear and Neri, Alessandro and Ravagnani, Alberto and Sheekey, John},
  journal={SIAM Journal on Applied Algebra and Geometry},
  volume={3},
  number={4},
  pages={614--643},
  year={2019},
  publisher={SIAM}
}

@article{calderbank1986geometry,
  title={The geometry of two-weight codes},
  author={Calderbank, Robert and Kantor, William M},
  journal={Bulletin of the London Mathematical Society},
  volume={18},
  number={2},
  pages={97--122},
  year={1986},
  publisher={Wiley Online Library}
}

@article{calderbank1984three,
  title={Three-weight codes and association schemes},
  author={Calderbank, AR and Goethals, JM},
  journal={Philips J. Res},
  volume={39},
  number={4-5},
  pages={143--152},
  year={1984}
}

@article{cameron1982tactical,
title = {Tactical decompositions and orbits of projective groups},
author = {P.J. Cameron and R.A. Liebler},
journal = {Linear Algebra and its Applications},
volume = {46},
pages = {91-102},
year = {1982},
issn = {0024-3795}
}

@book{chase1969galois,
  title={Galois theory and cohomology of commutative rings},
  author={Chase, Stephen Urban and Harrison, David K and Rosenberg, Alex},
  volume={52},
  year={1969},
  publisher={American Mathematical Soc.}
}

@article{csajbok2018maximum,
  title={{MRD} codes with maximum idealizers},
  author={Csajb{\'o}k, Bence and Marino, Giuseppe and Polverino, Olga and Zhou, Yue},
  journal={Discrete Mathematics},
  volume={343},
  number={9},
  pages={111985},
  year={2020},
  publisher={Elsevier}
}

@article{csajbok2018anewfamily,
  title={A new family of {MRD}-codes},
  author={Csajb{\'o}k, Bence and Marino, Giuseppe and Polverino, Olga and Zanella, Corrado},
  journal={Linear Algebra and its Applications},
  volume={548},
  number={},
  pages={203--220},
  year={2018},
  publisher={}
}


@article{csajbok2019characterization,
  title={A characterization of linearized polynomials with maximum kernel},
  author={Csajb{\'o}k, Bence and Marino, Giuseppe and Polverino, Olga and Zullo, Ferdinando},
  journal={Finite Fields and Their Applications},
  volume={56},
  pages={109--130},
  year={2019},
  publisher={Elsevier}
}

@article{csajbok2018linearset,
  title={New maximum scattered linear sets of the projective line},
  author={Csajb{\'o}k, Bence and Marino, Giuseppe and Zullo, Ferdinando},
  journal={Finite Fields and Their Applications},
  volume={54},
  pages={133--150},
  year={2018},
  publisher={}
}

@article{csajbok2017maximum,
  title={Maximum scattered linear sets and {MRD}-codes},
  author={Csajb{\'o}k, Bence and Marino, Giuseppe and Polverino, Olga and Zullo, Ferdinando},
  journal={Journal of Algebraic Combinatorics},
  volume={46},
  number={3},
  pages={517--531},
  year={2017},
  publisher={Springer}
}

@article{csajbok2021generalising,
  title={Generalising the scattered property of subspaces},
  author={Csajb{\'o}k, Bence and Marino, Giuseppe and Polverino, Olga and Zullo, Ferdinando},
  journal={Combinatorica},
  volume={41},
  number={2},
  pages={237--262},
  year={2021},
  publisher={Springer}
}

@article{davydov2011linear,
    title={Linear nonbinary covering codes and saturating sets in projective spaces},
    author={Davydov, A.A. and Giulietti, M. and Marcugini, S. and Pambianco, F.},
    journal={Advances in Mathematics of Communications},
    volume={5},
    number={1},
    pages={119--147},
    year={2011}
}

@article {de78,
    AUTHOR = {Delsarte, Philippe},
     TITLE = {Bilinear forms over a finite field, with applications to
              coding theory},
   JOURNAL = {Journal of Combinatorial Theory, Series A},
    VOLUME = {25},
      YEAR = {1978},
    NUMBER = {3},
     PAGES = "226--241",
      ISSN = {0097-3165},
     CODEN = {JCBTA7},
   MRCLASS = {94B99 (94B25)},
MRREVIEWER = {F. J. MacWilliams},
       DOI = {10.1016/0097-3165(78)90015-8},
       URL = {http://dx.doi.org/10.1016/0097-3165(78)90015-8},
}

@article{ding2015class,
  title={A class of two-weight and three-weight codes and their applications in secret sharing},
  author={Ding, Kelan and Ding, Cunsheng},
  journal={IEEE Transactions on Information Theory},
  volume={61},
  number={11},
  pages={5835--5842},
  year={2015},
  publisher={IEEE}
}

@article{ding2005coding,
  title={A coding theory construction of new systematic authentication codes},
  author={Ding, Cunsheng and Wang, Xuesong},
  journal={Theoretical computer science},
  volume={330},
  number={1},
  pages={81--99},
  year={2005},
  publisher={Elsevier}
}

@inproceedings{dvir2012subspace,
  title={Subspace evasive sets},
  author={Dvir, Zeev and Lovett, Shachar},
  booktitle={Proceedings of the forty-fourth annual ACM symposium on Theory of computing},
  pages={351--358},
  year={2012}
}

@inproceedings{ebert1998partitioning,
  title={Partitioning problems and flag-transitive planes},
  author={Ebert, GL},
  booktitle={Rendiconti del circolo matematica di Palermo (II) 53},
  year={1998},
}

@article{eisfeld1996some,
  title={Some big sets of mutually disjoint subgeometries of $\mathrm{PG}(d,q^t)$},
  author={Eisfeld, J{\"o}rg},
  journal={Geometriae Dedicata},
  volume={61},
  number={1},
  pages={87--102},
  year={1996},
  publisher={Springer}
}

@article{elmaazouz2021,
  title={Valued rank-metric codes},
  author={El Maazouz, Yaasine and Hahn, Marvin Anas and Neri, Alessandro and Stanojkovski, Mima},
  journal={arXiv:2104.03216 },
  year={2021}
}

@article{Euler2021newresults,
title = {New results on quasi-subfield polynomials},
author={Marie Euler and Christophe Petit},
journal = {Finite Fields and Their Applications},
volume = {75},
pages = {101881},
year = {2021},
issn = {1071-5797},
doi = {https://doi.org/10.1016/j.ffa.2021.101881}
}

@article{fancsali2014lines,
  title={Lines in higgledy-piggledy arrangement},
  author={Fancsali, Szabolcs and Sziklai, P{\'e}ter},
  journal={the electronic journal of combinatorics},
  volume={21},
  year={2014},
  publisher={Electronic Journal of Combinatorics}
}

@article{fancsali2016higgledy,
  title={Higgledy-piggledy subspaces and uniform subspace designs},
  author={Fancsali, Szabolcs L and Sziklai, P{\'e}ter},
  journal={Designs, Codes and Cryptography},
  volume={79},
  number={3},
  pages={625--645},
  year={2016},
  publisher={Springer}
}

@article{feng2021cameron,
title = {Cameron-Liebler line classes with parameter $x=(q+1)^2/3$},
journal = {Advances in Mathematics},
volume = {385},
pages = {107780},
year = {2021},
issn = {0001-8708},
author = {Tao Feng and Koji Momihara and Morgan Rodgers and Qing Xiang and Hanlin Zou}
}


@Article{ga85a,
  title={Theory of codes with maximum rank distance},
  author={Gabidulin, Ernest Mukhamedovich},
  journal={Problemy Peredachi Informatsii},
  volume={21},
  number={1},
  pages={3--16},
  year={1985},
  publisher={Russian Academy of Sciences, Branch of Informatics, Computer Equipment and~…}
}

@inproceedings{gabidulin1991ideals,
  title={Ideals Over a Non-Commutative Ring and Their Application in Cryptology},
  author={Gabidulin, Ernst M and Paramonov, AV and Tretjakov, OV},
  booktitle={Advances in Cryptology --  EUROCRYPT’91},
  pages={482--489},
  year={1991},
  organization={Springer}
}

@article{giuzzi2019identifiers,
  title={Identifiers for {MRD}-codes},
  author={Giuzzi, Luca and Zullo, Ferdinando},
  journal={Linear Algebra and its Applications},
  volume={575},
  pages={66--86},
  year={2019},
  publisher={Elsevier}
}

@article{Gow,
title={Galois extensions and subspaces of alterning bilinear forms with special rank properties},
author={Gow, R. and Quinlan, R.},
journal={Linear Algebra and its Applications},
  volume={530},
  pages={2212--2224},
  year={2009},
  publisher={Elsevier}
}

@article{helleseth1977weight,
  title={The weight distribution of irreducible cyclic codes with block lengths $n_l ((q^l- 1) N)$},
  author={Helleseth, Tor and Kl{\o}ve, Torleiv and Mykkeltveit, Johannes},
  journal={Discrete Mathematics},
  volume={18},
  number={2},
  pages={179--211},
  year={1977},
  publisher={Elsevier}
}



@article{heger2021short,
  title={Short minimal codes and covering codes via strong blocking sets in projective spaces},
  author={H{\'e}ger, Tam{\'a}s and Nagy, Zolt{\'a}n L{\'o}r{\'a}nt},
  journal={IEEE Transactions on Information Theory},
  year={2021},
  publisher={IEEE}
}

@article{horlemann2017new,
  title={New criteria for {MRD} and {G}abidulin codes and some Rank-Metric code constructions},
  author={Horlemann-Trautmann, Anna-Lena and Marshall, Kyle},
  journal={Advances in Mathematics of Communications},
  volume={11},
  number={3},
  pages={533},
  year={2017},
  publisher={American Institute of Mathematical Sciences}
}

@article{Gabidulins,
  title={The new construction of rank codes},
  author={Kshevetskiy, Alexander and Gabidulin, Ernst},
  journal={Proceedings. International Symposium on Information Theory, 2005},
  volume={},
  number={},
  pages={2105--2108},
  year={2005},
  publisher={Springer}
}

@article{gorla2018codes,
  title={Codes Endowed with the Rank Metric},
  author={Gorla, Elisa and Ravagnani, Alberto},
  journal={Greferath M., Pavčević M., Silberstein N., Vázquez-Castro M. (eds) Network Coding and Subspace Designs. Signals and Communication Technology.},
  volume={},
  number={},
  pages={},
  year={2018},
  publisher={Springer, Cham.}
}



@article{gorla2020rank,
  title={Rank-metric codes and $q$-polymatroids},
  author={Gorla, Elisa and Jurrius, Relinde and L{\'o}pez, Hiram H and Ravagnani, Alberto},
  journal={Journal of Algebraic Combinatorics},
  volume={52},
  number={1},
  pages={1--19},
  year={2020},
  publisher={Springer}
}


@article{guralnick1994invertible,
  title={Invertible preservers and algebraic groups},
  author={Guralnick, Robert M},
  journal={Linear Algebra and its Applications},
  volume={212},
  pages={249--257},
  year={1994},
  publisher={Elsevier}
}


@inproceedings{guruswami2011linear,
  title={Linear-algebraic list decoding of folded {R}eed-{S}olomon codes},
  author={Guruswami, Venkatesan},
  booktitle={2011 IEEE 26th Annual Conference on Computational Complexity},
  pages={77--85},
  year={2011},
  organization={IEEE}
}

@inproceedings{guruswami2012listdecoding,
author = {Guruswami, Venkatesan and Xing, Chaoping},
title = {List Decoding Reed-Solomon, Algebraic-Geometric, and Gabidulin Subcodes up to the Singleton Bound},
year = {2013},
isbn = {9781450320290},
publisher = {Association for Computing Machinery},
location = {Palo Alto, California, USA},
series = {STOC '13}
}


@inproceedings{guruswami2014evading,
  title={Evading subspaces over large fields and explicit list-decodable rank-metric codes},
  author={Guruswami, Venkatesan and Wang, Carol},
  booktitle={Approximation, Randomization, and Combinatorial Optimization. Algorithms and Techniques (APPROX/RANDOM 2014)},
  year={2014},
  organization={Schloss Dagstuhl-Leibniz-Zentrum fuer Informatik}
}

@article{guruswami2017optimal,
    title={Optimal rate list decoding over bounded alphabets using algebraic-geometric codes},
  author={Guruswami, Venkatesan and Xing, Chaoping},
  journal={ACM Journal of the ACM (JACM)},
  volume={69},
  number={2},
  pages={1--48},
  year={2022},
  publisher={ACM New York, NY}
}

@ARTICLE{Guruswami2016explicitlist,
  author={Guruswami, Venkatesan and Wang, Carol and Xing, Chaoping},
  journal={IEEE Transactions on Information Theory}, 
  title={Explicit List-Decodable Rank-Metric and Subspace Codes via Subspace Designs}, 
  year={2016},
  volume={62},
  number={5},
  pages={2707-2718},
  doi={10.1109/TIT.2016.2544347}}

@inproceedings{guruswami2013list,
  title={List decoding {R}eed-{S}olomon, algebraic-geometric, and {G}abidulin subcodes up to the {S}ingleton bound},
  author={Guruswami, Venkatesan and Xing, Chaoping},
  booktitle={Proceedings of the forty-fifth annual ACM symposium on Theory of computing},
  pages={843--852},
  year={2013}
}

@article{guruswami2021lossless,
  title={Lossless dimension expanders via linearized polynomials and subspace designs},
  author={Guruswami, Venkatesan and Resch, Nicolas and Xing, Chaoping},
  journal={Combinatorica},
  pages={1--35},
  year={2021},
  publisher={Springer}
}

@article{guruswami2016explicit,
  title={Explicit subspace designs},
  author={Guruswami, Venkatesan and Kopparty, Swastik},
  journal={Combinatorica},
  volume={36},
  number={2},
  pages={161--185},
  year={2016},
  publisher={Springer}
}

@article{guruswami2018subspace,
  title={Subspace designs based on algebraic function fields},
  author={Guruswami, Venkatesan and Xing, Chaoping and Yuan, Chen},
  journal={Transactions of the American Mathematical Society},
  volume={370},
  number={12},
  pages={8757--8775},
  year={2018}
}

@article{harrow2007quantum,
  title={Quantum expanders from any classical {C}ayley graph expander},
  author={Harrow, Aram W},
  journal={Quantum Information \& Computation},
  volume={8},
  pages={715--721},
  year={2008}
}

@book{hirschfeld1998projective,
  title={Projective geometries over finite fields. Oxford mathematical monographs},
  author={Hirschfeld, JWP},
  year={1998},
  publisher={Oxford University Press New York}
}

@inproceedings{ishai2004batch,
  title={Batch codes and their applications},
  author={Ishai, Yuval and Kushilevitz, Eyal and Ostrovsky, Rafail and Sahai, Amit},
  booktitle={Proceedings of the thirty-sixth annual ACM symposium on Theory of computing},
  pages={262--271},
  year={2004}
}

@article{kamche2019rank,
  title={Rank-metric codes over finite principal ideal rings and applications},
  author={Kamche, Hermann Tchatchiem and Mouaha, Christophe},
  journal={IEEE Transactions on Information Theory},
  volume={65},
  number={12},
  pages={7718--7735},
  year={2019},
  publisher={IEEE}
}

@article{kantor2004symplectic,
  title={Symplectic semifield planes and $\mathbb{Z}_4$--linear codes},
  author={Kantor, William and Williams, Michael},
  journal={Transactions of the American Mathematical Society},
  volume={356},
  number={3},
  pages={895--938},
  year={2004}
}

@article{kurihara2015relative,
  title={Relative generalized rank weight of linear codes and its applications to network coding},
  author={Kurihara, Jun and Matsumoto, Ryutaroh and Uyematsu, Tomohiko},
  journal={IEEE Transactions On information theory},
  volume={61},
  number={7},
  pages={3912--3936},
  year={2015},
  publisher={IEEE}
}


@article{lavrauw2013scattered,
  title={Scattered linear sets and pseudoreguli},
  author={Lavrauw, Michel and Van de Voorde, Geertrui},
  journal={The electronic journal of combinatorics},
  year={2013}
}

@article{lavrauw2015field,
  title={Field reduction and linear sets in finite geometry},
  author={Lavrauw, Michel and Van de Voorde, Geertrui},
  journal={Topics in finite fields},
  volume={632},
  pages={271--293},
  year={2015},
  publisher={Amer. Math. Soc Providence, RI}
}

@article{lavrauw2011fq,
  title={Fq-pseudoreguli of $\mathrm{PG}(3, q^3)$ and scattered semifields of order $q^6$},
  author={Lavrauw, Michel and Marino, Giuseppe and Polverino, Olga and Trombetti, Rocco},
  journal={Finite Fields and Their Applications},
  volume={17},
  number={3},
  pages={225--239},
  year={2011},
  publisher={Elsevier}
}

@article{lavrauw2011finite,
  title={Finite semifields},
  author={Lavrauw, Michel and Polverino, Olga},
  journal={Current research topics in Galois Geometry},
  pages={131--160},
  year={2011},
  publisher={NOVA Academic Publishers New York}
}

@article{leroy1995pseudolinear,
author = {André Leroy},
title = {{Pseudolinear transformations and evaluation in Ore extensions}},
volume = {2},
journal = {Bulletin of the Belgian Mathematical Society - Simon Stevin},
number = {3},
publisher = {The Belgian Mathematical Society},
pages = {321 -- 347},
year = {1995}
}


@book{lidl1997finite,
  title = {Finite Fields},
  author={Lidl, Rudolf and Niederreiter, Harald},
  year={1997},
  publisher = {Cambridge University Press},
}



@article{liebhold2016automorphism,
  title={Automorphism groups of {G}abidulin-like codes},
  author={Liebhold, Dirk and Nebe, Gabriele},
  journal={Archiv der Mathematik},
  volume={107},
  number={4},
  pages={355--366},
  year={2016},
  publisher={Springer}
}

@article{liu2021almost,
  title={Almost affinely disjoint subspaces},
  author={Liu, Hedongliang and Polianskii, Nikita and Vorobyev, Ilya and Wachter-Zeh, Antonia},
  journal={Finite Fields and Their Applications},
  volume={75},
  pages={101879},
  year={2021},
  publisher={Elsevier}
}

@article{longobardi2021large,
  title={A large family of maximum scattered linear sets of {$\mathrm{PG}(1,q^n)$} and their associated {MRD} codes},
  author={Longobardi, Giovanni and Marino, Giuseppe and Trombetti, Rocco and Zhou, Yue},
  journal={arXiv:2102.08287},
  year={2021}
}

@article{longobardizanellascatt,
    title={Linear sets and {MRD}-codes arising from a class of scattered linearized polynomials},
    author={Longobardi, Giovanni and Zanella, Corrado},
    journal={Journal of Algebraic Combinatorics},
    doi={https://doi.org/10.1007/s10801-020-01011-9},
    year={2021}
}

@article{lu2021parameters,
  title={The parameters of minimal linear codes},
  author={Lu, Wei and Wu, Xia and Cao, Xiwang},
  journal={Finite Fields and Their Applications},
  volume={71},
  pages={101799},
  year={2021},
  publisher={Elsevier}
}

@article{lubotzky2008dimension,
  title={Dimension expanders},
  author={Lubotzky, Alexander and Zelmanov, Efim},
  journal={Journal of Algebra},
  volume={319},
  number={2},
  pages={730--738},
  year={2008},
  publisher={Elsevier}
}

@article{lunardon2017mrd,
  title={{MRD}-codes and linear sets},
  author={Lunardon, Guglielmo},
  journal={Journal of Combinatorial Theory, Series A},
  volume={149},
  pages={1--20},
  year={2017},
  publisher={Elsevier}
}

@article{lunardon2018generalized,
  title={Generalized twisted {G}abidulin codes},
  author={Lunardon, Guglielmo and Trombetti, Rocco and Zhou, Yue},
  journal={Journal of Combinatorial Theory, Series A},
  volume={159},
  pages={79--106},
  year={2018},
  publisher={Elsevier}
}

@article{lunardon2018nuclei,
  title={On kernels and nuclei of rank metric codes},
  author={Lunardon, Guglielmo and Trombetti, Rocco and Zhou, Yue},
  journal={Journal of Algebraic Combinatorics},
  volume={46},
  pages={313--340},
  year={2017}
}

@article{lunardon2014maximum,
  title={Maximum scattered linear sets of pseudoregulus type and the Segre variety $\mathcal{S}_{n,n}$},
  author={Lunardon, G and Marino, G and Polverino, O and Trombetti, R},
  journal={Journal of Algebraic Combinatorics},
  volume={39},
  number={4},
  pages={807--831},
  year={2014},
  publisher={Springer}
}


@article{luo2005some,
  title={Some new characters on the wire-tap channel of type II},
  author={Luo, Yuan and Mitrpant, Chaichana and Vinck, AJ Han and Chen, Kefei},
  journal={IEEE Transactions on information theory},
  volume={51},
  number={3},
  pages={1222--1229},
  year={2005},
  publisher={IEEE}
}


@article{marino2007fq,
  title={On $\mathbb{F}_q$-linear sets of {PG}$(3,q^3)$ and semifields},
  author={Marino, Giuseppe and Polverino, Olga and Trombetti, Rocco},
  journal={Journal of Combinatorial Theory, Series A},
  volume={114},
  number={5},
  pages={769--788},
  year={2007},
  publisher={Elsevier}
}

@article{marino2011towards,
  title={Towards the classification of rank 2 semifields 6-dimensional over their center},
  author={Marino, Giuseppe and Polverino, Olga and Trombetti, Rocco},
  journal={Designs, Codes and Cryptography},
  volume={61},
  number={1},
  pages={11--29},
  year={2011},
  publisher={Springer}
}

@article{martinez2022survey,
url = {http://dx.doi.org/10.1561/0100000120},
year = {2022},
volume = {19},
journal = {Foundations and Trends® in Communications and Information Theory},
title = {Codes in the Sum-Rank Metric: Fundamentals and Applications},
doi = {10.1561/0100000120},
issn = {1567-2190},
number = {5},
pages = {814-1031},
author = {Umberto Martínez-Peñas and Mohannad Shehadeh and Frank R. Kschischang}
}

@article{martinez2019theory,
  title={Theory of supports for linear codes endowed with the sum-rank metric},
  author={Mart{\'\i}nez-Pe{\~n}as, Umberto},
  journal={Designs, Codes and Cryptography},
  volume={87},
  number={10},
  pages={2295--2320},
  year={2019},
  publisher={Springer}
}

@ARTICLE{Martinez2018skew,
author={Mart{\'\i}nez-Pe{\~n}as, U.},
title={Skew and linearized {R}eed–{S}olomon codes and maximum sum rank distance codes over any division ring},
journal={Journal of Algebra},
year={2018},
volume={504},
pages={587-612},
doi={10.1016/j.jalgebra.2018.02.005},
document_type={Article},
source={Scopus},
}

@article{martinez2020general,
  title={A general family of {MSRD} codes and {PMDS} codes with smaller field sizes from extended {M}oore matrices},
  author={Mart{\'\i}nez-Pe{\~n}as, Umberto},
  journal={arXiv:2011.14109},
  year={2020}
}

@article{martinezpenas2021hamming,
        title={Hamming and simplex codes for the sum-rank metric},
  author={Mart{\'\i}nez-Pe{\~n}as, Umberto},
  journal={Designs, Codes and Cryptography},
  volume={88},
  number={8},
  pages={1521--1539},
  year={2020},
  publisher={Springer}
}

@ARTICLE{martinezpenas2019reliable,
  author={Mart{\'\i}nez-Pe{\~n}as, Umberto and Kschischang, Frank R.},
  journal={IEEE Transactions on Information Theory}, 
  title={Reliable and Secure Multishot Network Coding Using Linearized {R}eed-{S}olomon Codes}, 
  year={2019},
  volume={65},
  number={8},
  pages={4785-4803},
  doi={10.1109/TIT.2019.2912165}}

@ARTICLE{martinezpenas2019universal,
  author={Mart{\'\i}nez-Pe{\~n}as, Umberto and Kschischang, Frank R.},
  journal={IEEE Transactions on Information Theory}, 
  title={Universal and Dynamic Locally Repairable Codes With Maximal Recoverability via Sum-Rank Codes}, 
  year={2019},
  volume={65},
  number={12},
  pages={7790-7805},
  doi={10.1109/TIT.2019.2924888}}

@inproceedings{massey1993minimal,
  title={Minimal codewords and secret sharing},
  author={Massey, James L},
  booktitle={Proceedings of the 6th joint Swedish-Russian international workshop on information theory},
  pages={276--279},
  year={1993}
}

@article{MMZ,
  title={{MRD}-codes arising from the trinomial $x^q + x^{q^3}+ cx^{q^5} \in \mathbb{F}_{q^6}[x]$},
  author={Marino, Giuseppe and Montanucci, Maria and Zullo, Ferdinando},
  journal={Linear Algebra and its Applications},
  volume={591},
  pages={99--114},
  year={2020},
  publisher={}
}

@article{mceliece1981sharing,
  title={On sharing secrets and Reed-Solomon codes},
  author={McEliece, Robert J. and Sarwate, Dilip V.},
  journal={Communications of the ACM},
  volume={24},
  number={9},
  pages={583--584},
  year={1981},
  publisher={ACM New York, NY, USA}
}

@article{mcguiretrinomials,
  title={Some results on linearized trinomials that split completely},
  author={McGuire, Gary and Mueller, Gary},
  journal={Finite Fields and their Applications, Berlin, Boston: De Gruyter},
  year={2020},
  doi={https://doi.org/10.1515/9783110621730-010},
}


@article{mcguire2019characterization,
  title={A characterization of the number of roots of linearized and projective polynomials in the field of coefficients},
  author={McGuire, Gary and Sheekey, John},
  journal={Finite Fields and Their Applications},
  volume={57},
  pages={68--91},
  year={2019},
  publisher={Elsevier}
}

@article{metsch2010non,
  title={The non-existence of Cameron--Liebler line classes with parameter $2<x\leq q$},
  author={Metsch, Klaus},
  journal={Bulletin of the London Mathematical Society},
  volume={42},
  number={6},
  pages={991--996},
  year={2010},
  publisher={Oxford University Press}
}

@article{moreno2021optimal,
  title={Optimal anticodes, MSRD codes, and generalized weights in the sum-rank metric},
  author={Moreno, Eduardo Camps and Gorla, Elisa and Landolina, Cristina and Garc{\'\i}a, Elisa Lorenzo and Mart{\'\i}nez-Pe{\~n}as, Umberto and Salizzoni, Flavio},
  journal={arXiv:2107.13611},
  year={2021}
}

@article{morrison2014equivalence,
  title={Equivalence for rank-metric and matrix codes and automorphism groups of {G}abidulin codes},
  author={Morrison, Katherine},
  journal={IEEE Transactions on Information Theory},
  volume={60},
  number={11},
  pages={7035--7046},
  year={2014},
  publisher={IEEE}
}

@article{napolitano2021linear,
  title={Linear sets from projection of {D}esarguesian spreads},
  author={Napolitano, Vito and Polverino, Olga and Zini, Giovanni and Zullo, Ferdinando},
  journal={Finite Fields and Their Applications},
  volume={71},
  pages={101798},
  year={2021},
  publisher={Elsevier}
}

@article{1930-5346_2019_0_108,
title = {Codes with few weights arising from linear sets},
journal = { Advances in Mathematics of Communications},
number = {},
year = {2020},
author = { Napolitano, Vito and Zullo, Ferdinando},
}


@phdthesis{neri2019PhD,
  title={Algebraic Theory of Rank-Metric Codes: Representations, Invariants and Density Results},
  author={Neri, Alessandro},
  year={2019},
  school={Universit{\"a}t Z{\"u}rich}
}

@article{neri2020systematic,
  title={Systematic encoders for generalized {G}abidulin codes and the $ q $-analogue of {C}auchy matrices},
  author={Neri, Alessandro},
  journal={Linear Algebra and its Applications},
  volume={593},
  pages={116--149},
  year={2020},
  issn={0024-3795},
  doi={https://doi.org/10.1016/j.laa.2020.02.002},
}

@article{neri2018genericity,
  title={On the genericity of maximum rank distance and {G}abidulin codes},
  author={Neri, Alessandro and Horlemann-Trautmann, Anna-Lena and Randrianarisoa, Tovohery and Rosenthal, Joachim},
  journal={Designs, Codes and Cryptography},
  volume={86},
  number={2},
  pages={341--363},
  year={2018},
  publisher={Springer}
}

@article{neri2020equivalence,
  title={Equivalence and characterizations of linear rank-metric codes based on invariants},
  author={Neri, Alessandro and Puchinger, Sven and Horlemann-Trautmann, Anna-Lena},
  journal={Linear Algebra and its Applications},
  volume={603},
  pages={418--469},
  year={2020},
  publisher={Elsevier}
}

@inproceedings{neri2019invariants,
  title={Invariants and inequivalence of linear rank-metric codes},
  author={Neri, Alessandro and Puchinger, Sven and Horlemann-Trautmann, Anna-Lena},
  booktitle={2019 IEEE International Symposium on Information Theory (ISIT)},
  pages={2049--2053},
  year={2019},
  organization={IEEE}
}

@article{neri2021extending,
  title={Extending two families of maximum rank distance codes},
  author={Neri, Alessandro and Santonastaso, Paolo and Zullo, Ferdinando},
  journal={ arXiv:2104.07602},
  year={2021}
}

@article{neri2023geometry,
  title={The geometry of one-weight codes in the sum-rank metric},
  author={Neri, Alessandro and Santonastaso, Paolo and Zullo, Ferdinando},
  journal={Journal of Combinatorial Theory, Series A},
  volume={194},
  pages={105703},
  year={2023},
  publisher={Elsevier}
}

@article{neri2022twisted,
  title={Twisted linearized Reed-Solomon codes: A skew polynomial framework},
  author={Neri, Alessandro},
  journal={Journal of Algebra},
  volume={609},
  pages={792--839},
  year={2022},
  publisher={Elsevier}
}

@inproceedings{nobrega2010multishot,
  title={Multishot codes for network coding using rank-metric codes},
  author={N{\'o}brega, Roberto W and Uch{\^o}a-Filho, Bartolomeu F},
  booktitle={2010 Third IEEE International Workshop on Wireless Network Coding},
  pages={1--6},
  year={2010},
  organization={IEEE}
}

@inproceedings{oggier2012existence,
  title={On the existence of generalized rank weights},
  author={Oggier, Frederique and Sboui, Adnen},
  booktitle={2012 International Symposium on Information Theory and its Applications},
  pages={406--410},
  year={2012},
  organization={IEEE}
}



@article{ore1933theory,
 author = {Oystein Ore},
 journal = {Annals of Mathematics},
 number = {3},
 pages = {480--508},
 publisher = {Annals of Mathematics},
 title = {Theory of Non-Commutative Polynomials},
 volume = {34},
 year = {1933}
}

@article{ott2021bounds,
title={Bounds and genericity of sum-rank-metric codes},
  author={Ott, Cornelia and Puchinger, Sven and Bossert, Martin},
  journal={2021 XVII International Symposium" Problems of Redundancy in Information and Control Systems"(REDUNDANCY)},
  pages={119--124},
  year={2021},
  publisher={IEEE}
}


@article{overbeck2008structural,
  title={Structural attacks for public key cryptosystems based on {G}abidulin codes},
  author={Overbeck, Raphael},
  journal={Journal of cryptology},
  volume={21},
  number={2},
  pages={280--301},
  year={2008},
  publisher={Springer}
}

@article{polverino2010linear,
  title={Linear sets in finite projective spaces},
  author={Polverino, Olga},
  journal={Discrete Mathematics},
  volume={310},
  number={22},
  pages={3096--3107},
  year={2010},
  publisher={Elsevier}
}

@article{polverino2020connections,
  Author = {Polverino, Olga and Zullo, Ferdinando},
	Date-Added = {2021-02-14 11:29:23 +0100},
	Date-Modified = {2021-02-14 11:29:23 +0100},
	Doi = {10.1016/j.jmateco.2020.04.005},
	Fjournal = {Bulletin of the Institute of Combinatorics and its Applications},
	Issn = {1183-1278},
	Journal = {Bulletin of the Institute of Combinatorics and its Applications},
	Mrclass = {51E20 (05B25 51E22 94B05)},
	Mrnumber = {4143090},
	Pages = {46--74},
	Title = {Connections between scattered linear sets and {MRD}-codes},
	Url = {https://mathscinet.ams.org/mathscinet-getitem?mr=4143090},
	Volume = {89},
	Year = {2020},
	Bdsk-Url-1 = {https://mathscinet.ams.org/mathscinet-getitem?mr=4143090}
}

@phdthesis{puchinger2018construction,
  title={Construction and Decoding of Evaluation Codes in Hamming and Rank Metric},
  author={Puchinger, Sven},
  year={2018},
  school={Universit{\"a}t Ulm}
}

@article{pudlak2004pseudorandom,
  title={Pseudorandom sets and explicit constructions of {R}amsey graphs},
  author={Pudl{\'a}k, Pavel and R{\"o}dl, Vojtech},
  journal={Quaderni di Matematica},
  year={2004},
  volume={13},
  pages={327 - 346}
}

@article{Randrianarisoa2020ageometric,
title={A geometric approach to rank metric codes and a classification of constant weight codes},
author={Randrianarisoa, Tovohery Hajatiana},
journal={Designs, Codes and Cryptography},
volume={88},
number={},
pages={1331–1348},
year={2020}
}

@article{ravagnani2016rank,
  title={Rank-metric codes and their duality theory},
  author={Ravagnani, Alberto},
  journal={Designs, Codes and Cryptography},
  volume={80},
  number={1},
  pages={197--216},
  year={2016},
  publisher={Springer}
}

@article{ravivwatcherzeh,
title={Some {G}abidulin Codes Cannot Be List Decoded Efficiently at any Radius},
  author={Raviv, Netanel and Wachter-Zeh, Antonia},
  journal={IEEE Transactions on Information Theory},
  volume={62},
  number={4},
  pages={1605 - 1615},
  year={2016}
}

@article{rodgers2018cameron,
  title={{C}ameron–{L}iebler $k$-classes in {PG}$(2k+1,q)$},
  author={Rodgers, Morgan and Storme, Leo and Vansweevelt, Andries},
  journal={Combinatorica},
  volume={38},
  number={3},
  pages={739–757},
  year={2018}
}


@article{roth1991maximum,
  title={Maximum-rank array codes and their application to crisscross error correction},
  author={Roth, Ron M},
  journal={IEEE Transactions on Information Theory},
  volume={37},
  number={2},
  pages={328--336},
  year={1991},
  publisher={IEEE}
}

@article{silva2008rank,
  title={A rank-metric approach to error control in random network coding},
  author={Silva, Danilo and Kschischang, Frank R and Koetter, Ralf},
  journal={IEEE transactions on information theory},
  volume={54},
  number={9},
  pages={3951--3967},
  year={2008},
  publisher={IEEE}
}





@book{taylor1992geometry,
  title={The geometry of the classical groups},
  author={Taylor, Donald E},
  volume={9},
  year={1992},
  publisher={Heldermann Verlag}
}

@article{trombetti2018new,
  title={A New Family of {MRD} Codes in {$\mathbb F_{q}^{2n\times 2n}$} With Right and Middle Nuclei {$\mathbb F_{q^n}$}},
  author={Trombetti, Rocco and Zhou, Yue},
  journal={IEEE Transactions on Information Theory},
  volume={65},
  number={2},
  pages={1054--1062},
  year={2018},
  publisher={IEEE}
}

@article{trombettizullolistdec,
title={On the list decodability of rank metric codes},
  author={Trombetti, Rocco and Zullo, Ferdinando},
  journal={IEEE Transactions on Information Theory},
  volume={66},
  number={9},
  pages={ 5379–5386},
  year={2020}
}



@Book{MR1186841,
  title      = {Algebraic-geometric codes},
  publisher  = {Kluwer Academic Publishers Group},
  year       = {1991},
  author     = {Tsfasman, M. A. and Vl{\u{a}}du{\c{t}}, S. G.},
  volume     = {58},
  series     = {Mathematics and its Applications (Soviet Series)},
  address    = {Dordrecht},
  isbn       = {0-7923-0727-5},
  mrclass    = {94B27 (11T71 94-02)},
  mrnumber   = {MR1186841 (93i:94023)},
  mrreviewer = {Simon N. Litsyn},
  pages      = {xxiv+667},
}

@article{santonastasozullolistdecod,
  title={On the list decodability of rank-metric codes containing {G}abidulin codes},
  author={Santonastaso, Paolo and Zullo, Ferdinando},
  journal={arXiv:2103.07547},
  year={2021}
}

@article{shamir1979share,
  title={How to share a secret},
  author={Shamir, Adi},
  journal={Communications of the ACM},
  volume={22},
  number={11},
  pages={612--613},
  year={1979},
  publisher={ACm New York, NY, USA}
}

@article{sheekey2016new,
  title={A new family of linear maximum rank distance codes},
  author={Sheekey, John},
  journal={Advances in Mathematics of Communications},
  volume={10},
  number={3},
  pages={475},
  year={2016},
  publisher={American Institute of Mathematical Sciences}
}

@article{sheekeysurvey,
  title={{MRD} codes: constructions and connections},
  author={Sheekey, John},
  journal={Combinatorics and Finite Fields: Difference Sets, Polynomials, Pseudorandomness and Applications},
  volume={23},
  number={},
  pages={},
  year={2019},
  publisher={Walter de Gruyter GmbH & Co KG}
}


@article{sheekeyVdV,
  title={Rank-metric codes, linear sets, and their duality},
  author={Sheekey, John and Van de Voorde, Geertrui},
  journal={Designs, Codes and Cryptography},
  volume={88},
  pages={655--675},
  year={2020},
}

@article{shi2019three,
  title={Three-weight codes, triple sum sets, and strongly walk regular graphs},
  author={Shi, Minjia and Sol{\'e}, Patrick},
  journal={Designs, Codes and Cryptography},
  volume={87},
  number={10},
  pages={2395--2404},
  year={2019},
  publisher={Springer}
}

@article{storme2001linear,
  title={Linear point sets and {R}{\'e}dei type k-blocking sets in {PG}$(n, q)$},
  author={Storme, Leo and Sziklai, P},
  journal={Journal of Algebraic Combinatorics},
  volume={14},
  number={3},
  pages={221--228},
  year={2001},
  publisher={Springer}
}



@article{tang2021full,
  title={Full characterization of minimal linear codes as cutting blocking sets},
  author={Tang, Chunming and Qiu, Yan and Liao, Qunying and Zhou, Zhengchun},
  journal={IEEE Transactions on Information Theory},
  volume={67},
  number={6},
  pages={3690--3700},
  year={2021},
  publisher={IEEE}
}

@misc{vladut2007algebraic,
  title={Algebraic geometric codes: basic notions},
  author={Vladut, Serge and Nogin, Dmitry and Tsfasman, Michael},
  year={2007},
  publisher={American Mathematical Society}
}

@article{wachter-zhe_2013,
title={Bounds on list decoding of rank-metric codes},
  author={Wachter-Zeh, Antonia},
  journal={IEEE Transactions on Information Theory},
  volume={59},
  number={11},
  pages={7268--7276},
  year={2013}
}

@article{wei1991generalized,
  title={Generalized Hamming weights for linear codes},
  author={Wei, Victor K},
  journal={IEEE Transactions on information theory},
  volume={37},
  number={5},
  pages={1412--1418},
  year={1991},
  publisher={IEEE}
}



@article{wigderson2004expanders,
  title={Expanders: Old and new applications and problems},
  author={Wigderson, Avi},
  journal={A lecture at IPAM, UCLA},
  volume={304},
  year={2004}
}

@article{wu2013linearized,
  title={Linearized polynomials over finite fields revisited},
  author={Wu, Baofeng and Liu, Zhuojun},
  journal={Finite Fields and Their Applications},
  volume={22},
  pages={79--100},
  year={2013},
  publisher={Elsevier}
}

@article{ZZ,
title={Vertex properties of maximum scattered linear sets of $\mathrm{PG}(1,q^n)$},
  author={Zanella, Corrado and Zullo, Ferdinando},
  journal={Discrete Mathematics},
  volume={343},
  number={5},
  pages={},
  year={2020}
}


@article{zini2021scattered,
  title={Scattered subspaces and related codes},
  author={Zini, Giovanni and Zullo, Ferdinando},
  journal={Designs, Codes and Cryptography},
  pages={1--21},
  year={2021},
  publisher={Springer}
}

@phdthesis{zullo2018linear,
  title={Linear codes and Galois geometries: between two worlds},
  author={Zullo, Ferdinando},
  year={2018},
  school={Università degli Studi della Campania ``Luigi Vanvitelli''}
}

@article{bartz2022rank,
  title={Rank-Metric Codes and Their Applications},
  author={Bartz, Hannes and Holzbaur, Lukas and Liu, Hedongliang and Puchinger, Sven and Renner, Julian and Wachter-Zeh, Antonia},
  journal={Foundations and Trends{\textregistered} in Communications and Information Theory},
  volume={19},
  number={3},
  pages={390--546},
  year={2022},
  publisher={Now Publishers, Inc.}
}

@article{de2022degree,
  title={Degree 2 Boolean Functions on {G}rassmann Graphs},
  author={De Beule, Jan and D'haeseleer, Jozefien and Ihringer, Ferdinand and Mannaert, Jonathan},
  journal={arXiv preprint arXiv:2202.03940},
  year={2022}
}

@article{beule2022cameron,
  title={Cameron--{L}iebler k-sets in subspaces and non-existence conditions},
  author={De Beule, Jan and Mannaert, Jonathan and Storme, Leo},
  journal={Designs, Codes and Cryptography},
  pages={1--19},
  year={2022},
  publisher={Springer}
}

@inproceedings{chabanne2013towards,
  title={Towards secure two-party computation from the wire-tap channel},
  author={Chabanne, Herv{\'e} and Cohen, G{\'e}rard and Patey, Alain},
  booktitle={International Conference on Information Security and Cryptology},
  pages={34--46},
  year={2013},
  organization={Springer}
}



@article{kurz2021divisible,
  title={Divisible codes},
  author={Kurz, Sascha},
  journal={arXiv preprint arXiv:2112.11763},
  year={2021}
}

@article{pratiharantipodal,
  title={Antipodal two-weight rank-metric codes},
  author={Pratihar, Rakhi and Randrianarisoa, Tovohery Hajatiana},
  journal={WCC22}
}

@article{blokhuis1999number,
  title={On the number of slopes of the graph of a function defined on a finite field},
  author={Blokhuis, Aart and Ball, Simeon and Brouwer, Andries E and Storme, Leo and Sz{\H{o}}nyi, T},
  journal={Journal of Combinatorial Theory, Series A},
  volume={86},
  number={1},
  pages={187--196},
  year={1999},
  publisher={Academic Press}
}

@article{csajbok2018classes,
  title={Classes and equivalence of linear sets in {PG}$(1,q^n)$},
  author={Csajb{\'o}k, Bence and Marino, Giuseppe and Polverino, Olga},
  journal={Journal of Combinatorial Theory, Series A},
  volume={157},
  pages={402--426},
  year={2018},
  publisher={Elsevier}
}

@article{bonoli2005fq,
  title={$\mathbb{F}_q$-linear blocking sets in {PG}$(2,q^4)$},
  author={Bonoli, Giovanna and Polverino, Olga},
  journal={Innovations in Incidence Geometry: Algebraic, Topological and Combinatorial},
  volume={2},
  number={1},
  pages={35--56},
  year={2005},
  publisher={Mathematical Sciences Publishers}
}

@article{de2019minimum,
  title={The minimum size of a linear set},
  author={De Beule, Jan and Van de Voorde, Geertrui},
  journal={Journal of Combinatorial Theory, Series A},
  volume={164},
  pages={109--124},
  year={2019},
  publisher={Elsevier}
}

@article{lavrauw2016scattered,
  title={Scattered spaces in {G}alois geometry},
  author={Lavrauw, Michel},
  journal={Contemporary developments in finite fields and applications},
  pages={195--216},
  year={2016},
  publisher={World Sci. Publ. Hackensack, NJ}
}

@article{de2016linear,
  title={A linear set view on KM-arcs},
  author={De Boeck, Maarten and Van de Voorde, Geertrui},
  journal={Journal of Algebraic Combinatorics},
  volume={44},
  number={1},
  pages={131--164},
  year={2016},
  publisher={Springer}
}

@article{napolitano2022clubs,
  title={Clubs and {KM}-arcs},
  author={Napolitano, Vito and Polverino, Olga and Santonastaso, Paolo and Zullo, Ferdinando},
  journal={Manuscript},
  year={2022}
}

@article{napolitano2022linear,
  title={Linear sets on the projective line with complementary weights},
  author={Napolitano, Vito and Polverino, Olga and Santonastaso, Paolo and Zullo, Ferdinando},
  journal={Discrete Mathematics},
  volume={345},
  number={7},
  pages={112890},
  year={2022},
  publisher={Elsevier}
}

@article{de2022weight,
  title={The weight distributions of linear sets in {PG}$(1,q^5)$},
  author={De Boeck, Maarten and Van de Voorde, Geertrui},
  journal={Finite Fields and Their Applications},
  volume={82},
  pages={102034},
  year={2022},
  publisher={Elsevier}
}

@article{zullo2021multi,
  title={Multi-{S}idon spaces over finite fields},
  author={Zullo, Ferdinando},
  journal={arXiv preprint arXiv:2112.08781},
  year={2021}
}

@article{napolitano2020codes,
  title={Codes with few weights arising from linear sets},
  author={Napolitano, Vito and Zullo, Ferdinando},
  journal={Advances in Mathematics of Communications},
  year={2020},
  publisher={American Institute of Mathematical Sciences}
}

@article{berger2003isometries,
  title={Isometries for rank distance and permutation group of {G}abidulin codes},
  author={Berger, Thierry P},
  journal={IEEE Transactions on Information Theory},
  volume={49},
  number={11},
  pages={3016--3019},
  year={2003},
  publisher={IEEE}
}

@phdthesis{Polverinothesis,
  title={Blocking set nei piani proiettivi},
  author={Polverino, Olga},
  year={1998},
  school={University of Naples Federico II}
}

@article{MR1749427,
	Author = {Lunardon, G. and Polverino, O.},
	Date-Added = {2021-02-15 12:55:57 +0100},
	Date-Modified = {2021-02-15 12:55:57 +0100},
	Doi = {10.1006/jcta.1999.3022},
	Fjournal = {Journal of Combinatorial Theory. Series A},
	Issn = {0097-3165},
	Journal = {J. Combin. Theory Ser. A},
	Mrclass = {51E21},
	Mrnumber = {1749427},
	Mrreviewer = {Tam\'{a}s Sz\H{o}nyi},
	Number = {1},
	Pages = {148--158},
	Title = {Blocking sets of size {$q^t+q^{t-1}+1$}},
	Url = {https://mathscinet.ams.org/mathscinet-getitem?mr=1749427},
	Volume = {90},
	Year = {2000},
	Bdsk-Url-1 = {https://mathscinet.ams.org/mathscinet-getitem?mr=1749427}}
	
	@article{lunardon2001blocking,
  title={Blocking sets and derivable partial spreads},
  author={Lunardon, G and Polverino, O},
  journal={Journal of Algebraic Combinatorics},
  volume={14},
  number={1},
  pages={49--56},
  year={2001},
  publisher={Springer}
}

@article{neri2021geometry,
  title={The geometry of one-weight codes in the sum-rank metric},
  author={Neri, Alessandro and Santonastaso, Paolo and Zullo, Ferdinando},
  journal={Journal of Combinatorial Theory, Series A},
  volume={194},
  pages={105703},
  year={2023},
  publisher={Elsevier}
}

@article{santonastaso2022subspace,
  title={On subspace designs},
  author={Santonastaso, Paolo and Zullo, Ferdinando},
  journal={To appear in EMS Surveys in Mathematical Sciences},
  year={2023}
}

@book{huppert2013endliche,
  title={Endliche gruppen {I}},
  author={Huppert, Bertram},
  volume={134},
  year={2013},
  publisher={Springer-verlag}
}

@book{hiss2011finite,
  title={Finite groups of Lie type and their representations},
  author={Hiss, Gerhard},
  year={2011},
  publisher={Cambridge University Press Cambridge}
}

@article{debeule2019theminimumsize,
title = {The minimum size of a linear set},
journal = {Journal of Combinatorial Theory, Series A},
volume = {164},
pages = {109-124},
year = {2019},
issn = {0097-3165},
author = {Jan {De Beule} and Geertrui {Van de Voorde}},
}

@article{polverino2022divisible,
  title={Divisible linear rank metric codes},
  author={Polverino, Olga and Santonastaso, Paolo and Sheekey, John and Zullo, Ferdinando},
  journal={arXiv preprint arXiv:2211.08180},
  year={2022},
  volume={to appear in \emph{IEEE Transaction on Information Theory}}
}

@article{marino2022evasive,
  title={Evasive subspaces, generalized rank weights and near {MRD} codes},
  author={Marino, Giuseppe and Neri, Alessandro and Trombetti, Rocco},
  journal={arXiv preprint arXiv:2204.11791},
  year={2022}
}

@article{jena2021linear,
  title={On linear sets of minimum size},
  author={Jena, Dibyayoti and Van de Voorde, Geertrui},
  journal={Discrete Mathematics},
  volume={344},
  number={3},
  pages={112230},
  year={2021},
  publisher={Elsevier}
}

@article{napolitano2022classifications,
  title={Classifications and constructions of minimum size linear sets},
  author={Napolitano, Vito and Polverino, Olga and Santonastaso, Paolo and Zullo, Ferdinando},
  journal={arXiv preprint arXiv:2201.02003},
  year={2022}
}

@article{jurrius2017defining,
  title={ON DEFINING GENERALIZED RANK WEIGHTS},
  author={Jurrius, Relinde and Pellikaan, Ruud},
  journal={Advances in Mathematics of Communications},
  volume={11},
  number={1},
  pages={225--235},
  year={2017}
}

@article{SamPaolo,
  title={On the minimum size of linear sets},
  author={Adriaensen, Sam and Santonastaso, Paolo},
  journal={arXiv preprint math/2301.13001},
  year={2023}
}



@article{dumer2003hardness,
  title={Hardness of approximating the minimum distance of a linear code},
  author={Dumer, Ilya and Micciancio, Daniele and Sudan, Madhu},
  journal={IEEE Transactions on Information Theory},
  volume={49},
  number={1},
  pages={22--37},
  year={2003},
  publisher={IEEE}
}

@article{ball2013bound,
  title={A bound for the maximum weight of a linear code},
  author={Ball, Simeon and Blokhuis, Aart},
  journal={SIAM Journal on Discrete Mathematics},
  volume={27},
  number={1},
  pages={575--583},
  year={2013},
  publisher={SIAM}
}

@article{semgiani,
  title={Matroidal Approach to Coding Theory},
  author={Alfarano, Gianira and Byrne, Eimear},
  journal={Seminar for Arbeitsgemeinschaft in Codierungstheorie und Kryptographie, University of Zurich},
  link={https://drive.math.uzh.ch/index.php/s/4FFxFAXrPLGpMYs},
  year={2022}
}

@incollection{gorla2021rank,
  title={Rank-metric codes},
  author={Gorla, Elisa},
  booktitle={Concise Encyclopedia of Coding Theory},
  pages={227--250},
  year={2021},
  publisher={Chapman and Hall/CRC}
}

@article{gluesing2022q,
  title={$q$-Polymatroids and their relation to rank-metric codes},
  author={Gluesing-Luerssen, Heide and Jany, Benjamin},
  journal={Journal of Algebraic Combinatorics},
  pages={1--29},
  year={2022},
  publisher={Springer}
}

@article{migler2004weight,
  title={Weight and rank of matrices over finite fields},
  author={Migler, Theresa and Morrison, Kent E and Ogle, Mitchell},
  journal={arXiv preprint math/0403314},
  year={2004}
}

@article{bartoli2022new,
  title={New {MRD} codes from linear cutting blocking sets},
  author={Bartoli, Daniele and Marino, Giuseppe and Neri, Alessandro},
  journal={Annali di Matematica Pura ed Applicata (1923-)},
  pages={1--28},
  year={2022},
  publisher={Springer}
}

@article{ravagnani2016generalized,
  title={Generalized weights: an anticode approach},
  author={Ravagnani, Alberto},
  journal={Journal of Pure and Applied Algebra},
  volume={220},
  number={5},
  pages={1946--1962},
  year={2016},
  publisher={Elsevier}
}

@article{gruica2022rank,
  title={Rank-Metric Codes, Semifields, and the Average Critical Problem},
  author={Gruica, Anina and Ravagnani, Alberto and Sheekey, John and Zullo, Ferdinando},
  journal={arXiv preprint arXiv:2201.07193},
  year={2022}
}

@article{gruica2022common,
  title={Common complements of linear subspaces and the sparseness of {MRD} codes},
  author={Gruica, Anina and Ravagnani, Alberto},
  journal={SIAM Journal on Applied Algebra and Geometry},
  volume={6},
  number={2},
  pages={79--110},
  year={2022},
  publisher={SIAM}
}

@article{gruica2022generalised,
  title={Generalised Scattered Subspaces},
  author={Gruica, Anina and Ravagnani, Alberto and Sheekey, John and Zullo, Ferdinando},
  journal={arXiv preprint arXiv:2207.01027},
  year={2022}
}

@article{antrobus2019maximal,
  title={Maximal Ferrers diagram codes: constructions and genericity considerations},
  author={Antrobus, Jared and Gluesing-Luerssen, Heide},
  journal={IEEE Transactions on Information Theory},
  volume={65},
  number={10},
  pages={6204--6223},
  year={2019},
  publisher={IEEE}
}