@ARTICLE{intro_short1,author={Vaezi, Mojtaba and Azari, Amin and Khosravirad, Saeed R. and Shirvanimoghaddam, Mahyar and Azari, M. Mahdi and Chasaki, Danai and Popovski, Petar}, journal={IEEE Commun. Surv. Tut.}, title={Cellular, Wide-Area, and Non-Terrestrial {IoT}: {A} Survey on {5G} Advances and the Road Toward {6G}}, year={2022}, month="2nd Quart.", volume={24}, number={2}, pages={1117-1174}, doi={10.1109/COMST.2022.3151028}}
@ARTICLE{intro_security1, author={Feng, Chen and Wang, Hui-Ming}, journal={IEEE Commun. Stand. Mag.},  title={Secure Short-Packet Communications at the Physical Layer for {5G} and Beyond},   year={2021}, month=Sep,  volume={5}, number={3}, pages={96-102},  doi={10.1109/MCOMSTD.121.2100028}}
@ARTICLE{intro_covert, author={Bash, Boulat A. and Goeckel, Dennis and Towsley, Don}, journal={IEEE J. Sel. Areas Commun.}, title={Limits of Reliable Communication with Low Probability of Detection on {AWGN} Channels}, year={2013}, month=Sep,volume={31},  number={9},  pages={1921-1930},doi={10.1109/JSAC.2013.130923}}
@ARTICLE{Backscatter,  author={Chen, Weiyu and Ding, Haiyang and Wang, Shilian and Gong, Fengkui},  journal={IEEE Wireless Commun. Lett.},   title={On the Limits of Covert Ambient Backscatter Communications},   year={2022}, month=Feb, volume={11},  number={2},  pages={308-312},  doi={10.1109/LWC.2021.3126707}}
@ARTICLE{MIMO,  author={Bendary, Ahmed and Abdelaziz, Amr and Koksal, Can Emre},  journal={IEEE J. Sel. Areas Inf. Theory},   title={Achieving Positive Covert Capacity Over {MIMO} {AWGN} Channels},   year={2021}, month=Mar, volume={2},  number={1},  pages={149-162},  doi={10.1109/JSAIT.2021.3053862}}
@ARTICLE{noise_uncertain,  author={He, Biao and Yan, Shihao and Zhou, Xiangyun and Lau, Vincent K. N.},  journal={IEEE Commun. Lett.},   title={On Covert Communication With Noise Uncertainty},   year={2017}, month=Apr,  volume={21},  number={4},  pages={941-944},  doi={10.1109/LCOMM.2016.2647716}}
@INPROCEEDINGS{channel_uncertain,  author={Ta, Hien Q. and Kim, Sang Wu},  booktitle={Proc. IEEE Int. Conf. Commun. (ICC)},   title={Covert Communication Under Channel Uncertainty and Noise Uncertainty},   year={2019},  volume={},  number={},  pages={1-6},  doi={10.1109/ICC.2019.8761935}}
@ARTICLE{Willie_CSI1,  author={Wang, Chao and Li, Zan and Zhang, Haibin and Ng, Derrick Wing Kwan and Al-Dhahir, Naofal},  journal={IEEE Trans. Wireless Commun.},   title={Achieving Covertness and Security in Broadcast Channels With Finite Blocklength},   year={2022}, month=Sep, volume={21},  number={9},  pages={7624-7640},  doi={10.1109/TWC.2022.3160051}}
@ARTICLE{Willie_CSI3,  author={Wang, Chao and Li, Zan and Ng, Derrick Wing Kwan},  journal={IEEE Trans. Wireless Commun.},   title={Covert Rate Optimization of Millimeter Wave Full-Duplex Communications},   year={2022}, month=May,  volume={21},  number={5},  pages={2844-2861},  doi={10.1109/TWC.2021.3116106}}
@ARTICLE{jammer_uncertain,  author={Zheng, Tong-Xing and Yang, Ziteng and Wang, Chao and Li, Zan and Yuan, Jinhong and Guan, Xiaohong},  journal={IEEE Trans. Wireless Commun.},   title={Wireless Covert Communications Aided by Distributed Cooperative Jamming Over Slow Fading Channels},   year={2021}, month=Nov, volume={20},  number={11},  pages={7026-7039},  doi={10.1109/TWC.2021.3080382}}
@ARTICLE{intro_IRS1, author={Zheng, Beixiong and You, Changsheng and Mei, Weidong and Zhang, Rui}, journal={IEEE Commun. Surv. Tut.},  title={A Survey on Channel Estimation and Practical Passive Beamforming Design for Intelligent Reflecting Surface Aided Wireless Communications},  year={2022}, month="2nd Quart.", volume={24},  number={2}, pages={1035-1071}, doi={10.1109/COMST.2022.3155305}}
@ARTICLE{intro_IRS2, author={Wang, Manlin and Xu, Zhen and Xia, Bin and Guo, Yinghong},journal={IEEE Trans. Veh. Technol.}, title={Active Intelligent Reflecting Surface Assisted Covert Communications},  year={2022}, month="early access,", note={doi: 10.1109/TVT.2022.3224024}}
@ARTICLE{IRS3,  author={Wang, Chao and Li, Zan and Shi, Jia and Ng, Derrick Wing Kwan},  journal={IEEE Trans. Commun.},   title={Intelligent Reflecting Surface-Assisted Multi-Antenna Covert Communications: {Joint} Active and Passive Beamforming Optimization},   year={2021}, month=Jun, volume={69},  number={6},  pages={3984-4000},  doi={10.1109/TCOMM.2021.3062376}}
@ARTICLE{IRS_single1,  author={Ma, Shuai and Zhang, Yunqi and Li, Hang and Sun, Junchang and Shi, Jia and Zhang, Han and Shen, Chao and Li, Shiyin},  journal={IEEE Internet Things J.},   title={Covert Beamforming Design for Intelligent-Reflecting-Surface-Assisted {IoT} Networks},   year={2022}, month=Apr, volume={9},  number={7},  pages={5489-5501},  doi={10.1109/JIOT.2021.3109746}}
@ARTICLE{IRS_single8,  author={Kong, Justin and Dagefus, Fikadu T. and Choi, Jihun and Spasojevic, Predrag},  journal={IEEE Wireless Commun. Lett.},   title={Intelligent Reflecting Surface Assisted Covert Communication With Transmission Probability Optimization},   year={2021}, month=Aug, volume={10},  number={8},  pages={1825-1829},  doi={10.1109/LWC.2021.3082841}}
@ARTICLE{IRS_single10,  author={Zhou, Xiaobo and Yan, Shihao and Wu, Qingqing and Shu, Feng and Ng, Derrick Wing Kwan},  journal={IEEE Trans. Wireless Commun.},   title={Intelligent Reflecting Surface ({IRS})-Aided Covert Wireless Communications With Delay Constraint},   year={2022},  month=Jan, volume={21},  number={1},  pages={532-547},  doi={10.1109/TWC.2021.3098099}}
@ARTICLE{IRS_single7,  author={Pejoski, Slavche and Hadzi-Velkov, Zoran and Zlatanov, Nikola},  journal={IEEE Commun. Lett.},   title={Full-Duplex Covert Communications Assisted by Intelligent Reflective Surfaces},   year={2022},  month="early access,",  note={doi: 10.1109/LCOMM.2022.3206962}}
@ARTICLE{IRS_single9,  author={Wu, Chaoyi and Yan, Shihao and Zhou, Xiaobo and Chen, Riqing and Sun, Jiande},  journal={IEEE Wireless Commun. Lett.},   title={Intelligent Reflecting Surface ({IRS})-Aided Covert Communication With Warden’s Statistical {CSI}},   year={2021}, month=Jul, volume={10},  number={7},  pages={1449-1453},  doi={10.1109/LWC.2021.3069778}}
@ARTICLE{IRS2,  author={Si, Jiangbo and Li, Zan and Zhao, Yan and Cheng, Julian and Guan, Lei and Shi, Jia and Al-Dhahir, Naofal},  journal={IEEE Trans. Commun.},   title={Covert Transmission Assisted by Intelligent Reflecting Surface},   year={2021}, month=Aug,  volume={69},  number={8},  pages={5394-5408},  doi={10.1109/TCOMM.2021.3082779}}
@ARTICLE{hardware, author={Chen, Chunqi and Wang, Manlin and Xia, Bin and Guo, Yinghong and Wang, Jiangzhou}, journal={IEEE Trans. Veh. Technol.},  title={Performance Analysis and Optimization of {IRS}-aided Covert Communication with Hardware Impairments}, year={2022}, month="early access,",  note={doi: 10.1109/TVT.2022.3227342}}
@ARTICLE{IRS1,  author={Deng, Dan and Li, Xingwang and Dang, Shuping and Gursoy, M. Cenk and Nallanathan, Arumugam},  journal={IEEE Trans. Veh. Technol.},   title={Covert Communications in Intelligent Reflecting Surface-Assisted Two-Way Relaying Networks},   year={2022},  month=Nov, volume={},  number={},  pages={1-6},  doi={10.1109/TVT.2022.3194194}}
@ARTICLE{IRS_single2,  author={Lv, Lu and Wu, Qingqing and Li, Zan and Ding, Zhiguo and Al-Dhahir, Naofal and Chen, Jian},  journal={IEEE Trans. Wireless Commun.},   title={Covert Communication in Intelligent Reflecting Surface-Assisted {NOMA} Systems: {Design}, Analysis, and Optimization},   year={2022}, month=Mar,  volume={21},  number={3},  pages={1735-1750},  doi={10.1109/TWC.2021.3106346}}
@ARTICLE{IRS_single6,  author={Li, Meng and Tao, Xiaofeng and Li, Na and Wu, Huici},  journal={IEEE Commun. Lett.},   title={Energy-Efficient Covert Communication With the Aid of Aerial Reconfigurable Intelligent Surface},   year={2022}, month=Sep, volume={26},  number={9},  pages={2101-2105},  doi={10.1109/LCOMM.2022.3183637}}
@ARTICLE{IRS_UAV1,  author={Tatar Mamaghani, Milad and Hong, Yi}, journal={IEEE Internet Things J.}, title={Aerial Intelligent Reflecting Surface-Enabled Terahertz Covert Communications in Beyond-{5G} {Internet of Things}}, year={2022},  month=Oct,volume={9},  number={19},  pages={19012-19033},doi={10.1109/JIOT.2022.3163396}}
@ARTICLE{short2010, author={Polyanskiy, Yury and Poor, H. Vincent and Verdu, Sergio},  journal={IEEE Trans. Inf. Theory},   title={Channel Coding Rate in the Finite Blocklength Regime},  year={2010}, month=May, volume={56},  number={5},  pages={2307-2359},doi={10.1109/TIT.2010.2043769}}
@ARTICLE{Gaussian,  author={Yan, Shihao and He, Biao and Zhou, Xiangyun and Cong, Yirui and Swindlehurst, A. Lee},  journal={IEEE Trans. Inf. Forensics Security},   title={Delay-Intolerant Covert Communications With Either Fixed or Random Transmit Power},   year={2019}, month=Jan, volume={14},  number={1},  pages={129-140},  doi={10.1109/TIFS.2018.2846257}}
@ARTICLE{channel_estimation,  author={Wu, Qingqing and Zhang, Shuowen and Zheng, Beixiong and You, Changsheng and Zhang, Rui},  journal={IEEE Trans. Commun.},   title={Intelligent Reflecting Surface-Aided Wireless Communications: {A} Tutorial},   year={2021}, month=May, volume={69},  number={5},  pages={3313-3351},  doi={10.1109/TCOMM.2021.3051897}}
@ARTICLE{pilot1, author={Östman, Johan and Durisi, Giuseppe and Ström, Erik G. and Coşkun, Mustafa C. and Liva, Gianluigi}, journal={IEEE Trans. Commun.}, title={Short Packets Over Block-Memoryless Fading Channels: {Pilot}-Assisted or Noncoherent Transmission?}, year={2019}, month=Feb,  volume={67},  number={2},  pages={1521-1536},doi={10.1109/TCOMM.2018.2874993}}
@ARTICLE{pilot2,  author={Walk, Philipp and Jung, Peter and Hassibi, Babak and Jafarkhani, Hamid},journal={IEEE Trans. Wireless Commun.},   title={{MOCZ} for Blind Short-Packet Communication: {Practical} Aspects}, year={2020}, month=Oct,  volume={19},  number={10},  pages={6675-6692},doi={10.1109/TWC.2020.3004588}}
@INPROCEEDINGS{Willie_CSI2,author = {Chaman, Anadi and Wang, Jiaming and Sun, Jiachen and Hassanieh, Haitham and Roy Choudhury, Romit},title = {Ghostbuster: {Detecting} the Presence of Hidden Eavesdroppers},year = {2018},booktitle = {Proc. 24th Annu. Int. Conf. Mobile Comput. Netw.}, volume={},  number={}, pages={337-351}, doi = {10.1145/3241539.3241580}}
@ARTICLE{multi_antenna,  author={Shahzad, Khurram and Zhou, Xiangyun and Yan, Shihao},  journal={IEEE Trans. Veh. Technol.},   title={Covert Wireless Communication in Presence of a Multi-Antenna Adversary and Delay Constraints},   year={2019}, month=Dec, volume={68},  number={12},  pages={12432-12436},  doi={10.1109/TVT.2019.2948608}}
@ARTICLE{linear,  author={Shahzad, Khurram and Zhou, Xiangyun},  journal={IEEE Trans. Inf. Forensics Security},   title={Covert Wireless Communications Under Quasi-Static Fading With Channel Uncertainty},   year={2021},  volume={16},  number={},  pages={1104-1116},  doi={10.1109/TIFS.2020.3029902}}
@INPROCEEDINGS{average1,  author={Tang, Haoyue and Wang, Jintao and Zheng, Yahong Rosa},  booktitle={Proc. IEEE INFOCOM Workshops},   title={Covert communications with extremely low power under finite block length over slow fading},   year={2018},  volume={},  number={},  pages={657-661},  doi={10.1109/INFCOMW.2018.8406961}}
@ARTICLE{average2,  author={Ma, Ruiqian and Yang, Weiwei and Tao, Liwei and Lu, Xingbo and Xiang, Zhongwu and Liu, Jue},  journal={IEEE Trans. Veh. Technol.},   title={Covert Communications With Randomly Distributed Wardens in the Finite Blocklength Regime},   year={2022}, month=Jan, volume={71},  number={1},  pages={533-544},  doi={10.1109/TVT.2021.3128600}}
@ARTICLE{average3,  author={Lin, Yuda and Jin, Liang and Huang, Kaizhi and Sun, Xiaoli and Wang, Feihu},  journal={IEEE Syst. J},   title={Multiantenna Joint Covert Communication System With Finite Blocklength},   year={2022}, month=Mar, volume={},  number={},  pages={1-11},  doi={10.1109/JSYST.2022.3165055}}
@ARTICLE{guassian_app,  author={Ding, Zhiguo and Schober, Robert and Poor, H. Vincent},  journal={IEEE Wireless Commun. Lett.},   title={On the Impact of Phase Shifting Designs on {IRS-NOMA}},   year={2020}, month=Oct, volume={9},  number={10},  pages={1596-1600},  doi={10.1109/LWC.2020.2991116}}
@ARTICLE{multi_exp,  author={Amari, S.V. and Misra, R.B.},  journal={IEEE Trans. Reliab.},   title={Closed-form expressions for distribution of sum of exponential random variables},   year={1997}, month=Dec,  volume={46},  number={4},  pages={519-522},  doi={10.1109/24.693785}}
@ARTICLE{Quadrature,  author={Ma, Ruiqian and Yang, Xiaoqin and Pan, Gaofeng and Guan, Xinrong and Zhang, Yu and Yang, Weiwei},  journal={IEEE Wireless Commun. Lett.},   title={Covert Communications With Channel Inversion Power Control in the Finite Blocklength Regime},   year={2021}, month=Apr, volume={10},  number={4},  pages={835-839},  doi={10.1109/LWC.2020.3046508}}
@ARTICLE{short_IRS1,  author={Ren, Hong and Wang, Kezhi and Pan, Cunhua},  journal={IEEE Trans. Commun.},   title={Intelligent Reflecting Surface-Aided {URLLC} in a Factory Automation Scenario},   year={2022}, month=Jan,  volume={70},  number={1},  pages={707-723},  doi={10.1109/TCOMM.2021.3125057}}
@ARTICLE{short_IRS2,  author={Le, Ngoc Phuc and Le, Khoa N.},  journal={IEEE Commun. Lett.},   title={Distributed-{RIS} Assisted Wireless Powered Communication Networks in the Finite Blocklength Regim},   year={2022}, month=Dec, volume={26},  number={12},  pages={2884-2888},  doi={10.1109/LCOMM.2022.3205005}}
@ARTICLE{Q_app,  author={Lu, Xingbo and Yang, Weiwei and Yan, Shihao and Tao, Liwei and Ng, Derrick Wing Kwan},  journal={IEEE Trans. Veh. Technol.},   title={Joint Packet Generation and Covert Communication in Delay-Intolerant Status Update Systems},   year={2022}, month=Feb, volume={71},  number={2},  pages={2170-2175},  doi={10.1109/TVT.2021.3134795}}
@ARTICLE{IRS_random,  author={Wu, Qingqing and Zhang, Rui},  journal={IEEE Trans. Wireless Commun.},   title={Intelligent Reflecting Surface Enhanced Wireless Network via Joint Active and Passive Beamforming},   year={2019}, month=Nov,  volume={18},  number={11},  pages={5394-5409},  doi={10.1109/TWC.2019.2936025}}
@article{gamma_asy, author = {Chaudhry, M. and Zubair, Syed}, year = {2001},  title = {On a Class of Incomplete Gamma Functions with Applications}, journal = {Chapman and Hall/CRC}}
@article{gamma_resurg, title={The resurgence properties of the incomplete gamma function {I}}, author={Nemes and Gerg}, journal={Anal. Appl.},  volume={14},  number={5},  pages={631-677},  year={2016}}
@book{gamma_app, author = "Milton Abramowitz and Irene A. Stegun", title = "Handbook of mathematical functions with formulas, graphs, and mathematical tables", publisher = "Dover", address = "New York", year ={1972} }
@article{erf_inverse, author = {L. Carlitz}, title = {{The inverse of the error function.}}, volume = {13}, journal = {Pac. J. Math.}, number = {2}, publisher = {Pacific Journal of Mathematics, A Non-profit Corporation}, pages = {459 -- 470}, year = {1963}, doi = {pjm/1103035736}}
@ARTICLE{self1,author={Xia, Bin and Wang, Jinglun and Xiao, Kexin and Gao, Yichen and Yao, Yao and Ma, Shaodan}, journal={IEEE Trans. Veh. Technol.},  title={Outage Performance Analysis for the Advanced {SIC} Receiver in Wireless {NOMA} Systems}, year={2018},month=Jul,  volume={67},  number={7},  pages={6711-6715},  doi={10.1109/TVT.2018.2813524}}
@ARTICLE{self2,  author={Gao, Yichen and Xia, Bin and Xiao, Kexin and Chen, Zhiyong and Li, Xiaofan and Zhang, Sha}, journal={IEEE Commun. Lett.}, title={Theoretical Analysis of the Dynamic Decode Ordering {SIC} Receiver for Uplink {NOMA} Systems},   year={2017},month=Oct,  volume={21},  number={10},  pages={2246-2249}, doi={10.1109/LCOMM.2017.2720582}}
@ARTICLE{self3,author={Wang, Manlin and Xu, Zhen and Xia, Bin and Guo, Yinghong and Chen, Zhiyong},  journal={IEEE Trans. Veh. Technol.},   title={{DF} Relay Assisted Covert Communications: {Analysis} and Optimization},  year={2023}, month=Mar,  volume={72},  number={3},  pages={4073-4078},doi={10.1109/TVT.2022.3220336}}
@ARTICLE{self4,author={Liu, Ling and Zhou, Yiqing and Yuan, Jinhong and Zhuang, Weihua and Wang, Ying}, journal={IEEE J. Sel. Areas Commun.},   title={Economically Optimal {MS} Association for Multimedia Content Delivery in Cache-Enabled Heterogeneous Cloud Radio Access Networks},   year={2019}, month=Jul, volume={37},  number={7},  pages={1584-1593}, doi={10.1109/JSAC.2019.2916280}}
@ARTICLE{self5,author={Garcia, Virgile and Zhou, Yiqing and Shi, Jinglin},  journal={IEEE Trans. Wireless Commun.}, title={Coordinated Multipoint Transmission in Dense Cellular Networks With User-Centric Adaptive Clustering},   year={2014},month=Aug,  volume={13},  number={8},  pages={4297-4308},doi={10.1109/TWC.2014.2316500}}

@ARTICLE{hardware, author={Chen, Chunqi and Wang, Manlin and Xia, Bin and Guo, Yinghong and Wang, Jiangzhou}, journal={IEEE Trans. Veh. Technol.},  title={Performance Analysis and Optimization of {IRS}-aided Covert Communication with Hardware Impairments}, year={2022}, month="early access,",  note={doi: 10.1109/TVT.2022.3227342}}

































