@inproceedings{wang2018coded,
  title={{Coded Sparse Matrix Multiplication}},
  author={Wang, Sinong and Liu, Jiashang and Shroff, Ness},
  booktitle={International Conference on Machine Learning},
  pages={5152--5160},
  year={2018},
  organization={PMLR}
}

@book{cover2012elements,
  title={Elements of information theory},
  author={Cover, Thomas M and Thomas, Joy A},
  year={2012},
  publisher={John Wiley \& Sons}
}

@article{bartan2019polar,
	title={Polar Coded Distributed Matrix Multiplication},
	author={Bartan, Burak and Pilanci, Mert},
	journal={arXiv preprint arXiv:1901.06811},
	year={2019}
}

@article{li2017coding,
	title={Coding for distributed fog computing},
	author={Li, Songze and Maddah-Ali, Mohammad Ali and Avestimehr, A Salman},
	journal={IEEE Commun. Mag.},
	volume={55},
	number={4},
	pages={34--40},
	year={2017},
	publisher={IEEE}
}
@inproceedings{li2016coded,
	title={{Coded distributed computing: Straggling servers and multistage dataflows}},
	author={Li, Songze and Maddah-Ali, Mohammad Ali and Avestimehr, A Salman},
	booktitle={54th Annual Allerton Conference},
	pages={164--171},
	year={2016},
	organization={IEEE}
}

@inproceedings{dutta2017coded,
	title={Coded convolution for parallel and distributed computing within a deadline},
	author={Dutta, Sanghamitra and Cadambe, Viveck and Grover, Pulkit},
    booktitle={IEEE International Symposium on Information Theory (ISIT)}, 
	pages={2403--2407},
	year={2017},
	organization={IEEE}
}

@article{higham2004numerical,
	title={The numerical stability of barycentric Lagrange interpolation},
	author={Higham, Nicholas J},
	journal={IMA Journal of Numerical Analysis},
	volume={24},
	number={4},
	pages={547--556},
	year={2004},
	publisher={Oxford University Press}
}

@INPROCEEDINGS{reisizadeh2017coded,
  author={Amirhossein Reisizadeh and Saurav Prakash and Ramtin Pedarsani and Amir Salman Avestimehr},
  booktitle={2017 IEEE International Symposium on Information Theory (ISIT)}, 
  title={{Coded Computation over Heterogeneous Clusters}}, 
  year={2017},
  volume={},
  number={},
  pages={2408-2412},
}

@article{gulcu2018construction,
	title={Construction of polar codes for arbitrary discrete memoryless channels},
	author={Gulcu, Talha Cihad and Ye, Min and Barg, Alexander},
	journal={IEEE Trans. Inf. Theory},
	volume={64},
	number={1},
	pages={309--321},
	year={2018},
	publisher={IEEE}
}

@article{3gpp-5g-2,
	title={{NR} Carrier Aggregation for intra-band and inter-band},
	year={3GPP Technical Report 37.865, version 15.1.0, Release 15, 2018},
}

@article{massive,
	title={Massive {MIMO} for the New Radio: Overview and Performance},
	author={Ghosh, Amitabha},
	journal={IEEE 5G Summit},
	year = {2017}
}

@article{zheng2003diversity,
	title={Diversity and multiplexing: A fundamental tradeoff in multiple-antenna channels},
	author={Zheng, Lizhong and Tse, David N. C.},
	journal={IEEE Trans. inf. theory},
	volume={49},
	number={5},
	pages={1073--1096},
	year={2003},
	publisher={IEEE}
}

@article{caire1998bit,
	title={Bit-interleaved coded modulation},
	author={Caire, Giuseppe and Taricco, Giorgio and Biglieri, Ezio},
	journal={IEEE trans. inf. theory},
	volume={44},
	number={3},
	pages={927--946},
	year={1998},
	publisher={IEEE}
}

@articke{dob,
	title={Mathematical problems in the Shannon theory of optimal coding of information},
	author={Dobrushin, RL},
	Journal={Proceedings of 4th Berkeley Symp. Mathematics, Statistics, Probability},
	volume={1},
	pages={211--252},
	year={1961}
}

@article{str,
	title={Asymptotische absch{\"a}tzungen in shannons informationstheorie},
	author={Strassen, Volker},
	journal={Trans. Third Prague Conf. Inf. Theory},
	pages={689--723},
	year={1962}
}

@article{el2017relaxed,
	title={Relaxed polar codes},
	author={El-Khamy, Mostafa and Mahdavifar, Hessam and Feygin, Gennady and Lee, Jungwon and Kang, Inyup},
	journal={IEEE Transactions on Information Theory},
	volume={63},
	number={4},
	pages={1986--2000},
	year={2017},
	publisher={IEEE}
}

@article{fazeli2017binary,
	title={Binary linear codes with optimal scaling and quasi-linear complexity},
	author={Fazeli, Arman and Hassani, S Hamed and Mondelli, Marco and Vardy, Alexander},
	journal={arXiv preprint arXiv:1711.01339},
	year={2017}
}

@article{mahdavifar2016polar,
	title={Polar coding for bit-interleaved coded modulation},
	author={Mahdavifar, Hessam and El-Khamy, Mostafa and Lee, Jungwon and Kang, Inyup},
	journal={IEEE Transactions on Vehicular Technology},
	volume={65},
	number={5},
	pages={3115--3127},
	year={2016},
	publisher={IEEE}
}

@article{andersson2010nested,
	title={Nested polar codes for wiretap and relay channels},
	author={Andersson, Mattias and Rathi, Vishwambhar and Thobaben, Ragnar and Kliewer, Jorg and Skoglund, Mikael},
	journal={IEEE Communications Letters},
	volume={14},
	number={8},
	pages={752--754},
	year={2010},
	publisher={IEEE}
}

@article{wei2016polar,
	title={Polar coding for the general wiretap channel with extensions to multiuser scenarios},
	author={Wei, Yi-Peng and Ulukus, Sennur},
	journal={IEEE Journal on Selected Areas in Communications},
	volume={34},
	number={2},
	pages={278--291},
	year={2016},
	publisher={IEEE}
}

@ARTICLE{GallagerLDPC, 
	author={R. Gallager}, 
	journal={IRE Trans.  Inf. Theory}, 
	title={Low-density parity-check codes}, 
	year={1962}, 
	volume={8}, 
	number={1}, 
	pages={21-28}, 
	doi={10.1109/TIT.1962.1057683}, 
	ISSN={0096-1000}, 
	month={January},}

@ARTICLE{MacKay1999, 
	author={D. J. C. MacKay}, 
	journal={IEEE Trans. Inf. Theory}, 
	title={Good error-correcting codes based on very sparse matrices}, 
	year={1999}, 
	volume={45}, 
	number={2}, 
	pages={399-431}, 
	doi={10.1109/18.748992}, 
	ISSN={0018-9448}, 
	month={March},}

@article{richardson2001design,
	title={Design of capacity-approaching irregular low-density parity-check codes},
	author={Richardson, Thomas J and Shokrollahi, Mohammad Amin and Urbanke, R{\"u}diger L},
	journal={IEEE Trans. Inf. Theory},
	volume={47},
	number={2},
	pages={619--637},
	year={2001},
	publisher={IEEE}
}

@ARTICLE{RichardsonEnsemble2001, 
	author={T. J. Richardson and R. L. Urbanke}, 
	journal={IEEE Trans.  Inf. Theory}, 
	title={The capacity of low-density parity-check codes under message-passing decoding}, 
	year={2001}, 
	volume={47}, 
	number={2}, 
	pages={599-618}, 
	doi={10.1109/18.910577}, 
	ISSN={0018-9448}, 
	month={Feb},}


@article{khalighi2014survey,
  title={Survey on free space optical communication: A communication theory perspective},
  author={Khalighi, Mohammad Ali and Uysal, Murat},
  journal={IEEE Commun. Surveys Tuts},
  volume={16},
  number={4},
  pages={2231--2258},
  year={2014},
  publisher={IEEE}
}

@article{andrews2017modeling,
  title={Modeling and analyzing millimeter wave cellular systems},
  author={Andrews, Jeffrey G and Bai, Tianyang and Kulkarni, Mandar N and Alkhateeb, Ahmed and Gupta, Abhishek K and Heath, Robert W},
  journal={IEEE Trans. Commun.},
  volume={65},
  number={1},
  pages={403--430},
  year={2017},
  publisher={IEEE}
} 

@article{gao2017theoretical,
	title={Theoretical analysis of the dynamic decode ordering {SIC} receiver for uplink {NOMA} systems},
	author={Gao, Yichen and Xia, Bin and Xiao, Kexin and Chen, Zhiyong and Li, Xiaofan and Zhang, Sha},
	journal={IEEE Commun. Lett.},
	volume={21},
	number={10},
	pages={2246--2249},
	year={2017},
	publisher={IEEE}
}

@inproceedings{najafi2018non,
	title={Non-orthogonal multiple access for {FSO} backhauling},
	author={Najafi, Marzieh and Jamali, Vahid and Diamantoulakis, Panagiotis D and Karagiannidis, George K and Schober, Robert},
	booktitle={Wireless Communications and Networking Conference (WCNC), 2018 IEEE},
	pages={1--6},
	year={2018},
	organization={IEEE}
}

@article{liu2016hybrid,
	title={Hybrid decode-forward \& amplify-forward relaying with non-orthogonal multiple access},
	author={Liu, Yang and Pan, Gaofeng and Zhang, Hongtao and Song, Mei},
	journal={IEEE Access},
	volume={4},
	pages={4912--4921},
	year={2016},
	publisher={IEEE}
}

@article{zhou2018dynamic,
	title={Dynamic Decode-and-Forward Based Cooperative {NOMA} With Spatially Random Users},
	author={Zhou, Yong and Wong, Vincent WS and Schober, Robert},
	journal={IEEE Trans. Wireless Commun.},
	volume={17},
	number={5},
	pages={3340--3356},
	year={2018},
	publisher={IEEE}
}

@article{yue2018exploiting,
	title={Exploiting full/half-duplex user relaying in {NOMA} systems},
	author={Yue, Xinwei and Liu, Yuanwei and Kang, Shaoli and Nallanathan, Arumugam and Ding, Zhiguo},
	journal={IEEE Trans. Commun.},
	volume={66},
	number={2},
	pages={560--575},
	year={2018},
	publisher={IEEE}
}

@article{kim2015coordinated,
	title={Non-orthogonal multiple access in coordinated direct and relay transmission},
	author={Kim, Jung-Bin and Lee, In-Ho},
	journal={IEEE Commun. Lett.},
	volume={19},
	number={11},
	pages={2037--2040},
	year={2015},
	publisher={IEEE}
}

@article{zhong2016non,
	title={Non-orthogonal multiple access with cooperative full-duplex relaying},
	author={Zhong, Caijun and Zhang, Zhaoyang},
	journal={IEEE Commun. Lett.},
	volume={20},
	number={12},
	pages={2478--2481},
	year={2016},
	publisher={IEEE}
}

@article{men2015non,
	title={Non-orthogonal multiple access for multiple-antenna relaying networks},
	author={Men, Jinjin and Ge, Jianhua},
	journal={IEEE Commun. Lett.},
	volume={19},
	number={10},
	pages={1686--1689},
	year={2015},
	publisher={IEEE}
}

@book{must,
	title={Study on Downlink Multiuser Superposition Transmission for {LTE}},
	year={Mar. 2015},
	publisher={document, 3rd Generation Partnership Project (3GPP)}
}

@article{islam2017power,
	title={Power-domain non-orthogonal multiple access ({NOMA}) in {5G} systems: Potentials and challenges},
	author={Islam, SM Riazul and Avazov, Nurilla and Dobre, Octavia A and Kwak, Kyung-Sup},
	journal={IEEE Commun. Surveys Tuts.},
	volume={19},
	number={2},
	pages={721--742},
	year={2017},
	publisher={IEEE}
}

@article{harris1957tables,
	title={Tables of the exponential integral {Ei(x)}},
	author={Harris, Frank E},
	journal={Mathematical Tables and Other Aids to Computation},
	volume={11},
	number={57},
	pages={9--16},
	year={1957},
	publisher={JSTOR}
}


@inproceedings{adamchik1990algorithm,
	title={The algorithm for calculating integrals of hypergeometric type functions and its realization in reduce system},
	author={Adamchik, VS and Marichev, OI},
	booktitle={Proc. Int. Conf. Symbolic and Algebraic Computation},
	pages={212--224},
	year={Tokyo, Japan, 1990},
	organization={ACM}
}


@article{azimi2018stochastic,
	title={Stochastic Geometry Modeling and Analysis of Single- and Multi-Cluster Wireless Networks},
	author={Azimi-Abarghouyi, Seyed Mohammad and Makki, Behrooz and Haenggi, Martin and Nasiri-Kenari, Masoumeh and Svensson, Tommy},
journal={IEEE Trans. Commun., to appear},
year={May 2018},
publisher={IEEE}	
}


@article{alkhateeb2017initial,
	title={Initial beam association in millimeter wave cellular systems: Analysis and design insights},
	author={Alkhateeb, Ahmed and Nam, Young-Han and Rahman, Md Saifur and Zhang, Jianzhong and Heath, Robert W},
	journal={IEEE Trans. Wireless Commun.},
	volume={16},
	number={5},
	pages={2807--2821},
	year={2017},
	publisher={IEEE}
}

@article{lin1999outage,
	title={Outage and coverage considerations for microcellular mobile radio systems in a {shadowed-Rician/shadowed-Nakagami} environment},
	author={Lin, Jen-Cheng and Kao, Wen-Chang and Su, Yu T and Lee, Tsern-Huei},
	journal={IEEE Trans. Veh. Technol.},
	volume={48},
	number={1},
	pages={66--75},
	year={1999},
	publisher={IEEE}
}

@article{yao1990outage,
	title={Outage probability analysis for microcell mobile radio systems with cochannel interferers in {Rician/Rayleigh} fading environment},
	author={Yao, Y-D and Sheikh, AUH},
	journal={Electronics Letters},
	volume={26},
	number={13},
	pages={864--866},
	year={1990},
	publisher={IET}
}

@article{alzer1997some,
	title={On some inequalities for the incomplete {Gamma} function},
	author={Alzer, Horst},
	journal={Math. Comput.},
	volume={66},
	number={218},
	pages={771--778},
	year={1997}
}

@article{andras2011generalized,
	title={The generalized {Marcum Q-function}: an orthogonal polynomial approach},
	author={Andr{\'a}s, Szil{\'a}rd and Baricz, Arp{\'a}d and Sun, Yin},
	journal={Acta Univ. Sapientiae Math.},
	volume={3},
	number={1},
	pages={60--76},
	year={2011}
}

@article{rached2017unified,
	title={A unified moment-based approach for the evaluation of the outage probability with noise and interference},
	author={Rached, Nadhir Ben and Kammoun, Abla and Alouini, Mohamed-Slim and Tempone, Raul},
	journal={IEEE Trans. Wireless Commun.},
	volume={16},
	number={2},
	pages={1012--1023},
	year={2017},
	publisher={IEEE}
}

@article{yang2002closed,
	title={Closed-form formulas for the outage probability of wireless communication systems with a minimum signal power constraint},
	author={Yang, Hong-Chuan and Alouini, M-S},
	journal={IEEE Trans. Veh. Technol.},
	volume={51},
	number={6},
	pages={1689--1698},
	year={2002},
	publisher={IEEE}
}


@article{afshang2016modeling,
	title={Modeling and performance analysis of clustered device-to-device networks},
	author={Afshang, Mehrnaz and Dhillon, Harpreet S and Chong, Peter Han Joo},
	journal={IEEE Trans. Wireless Commun.},
	volume={15},
	number={7},
	pages={4957--4972},
	year={2016},
	publisher={IEEE}
}

@article{turgut2017uplink,
	title={Uplink Performance Analysis in {D2D}-Enabled mmWave Cellular Networks with Clustered Users},
	author={Turgut, Esma and Gursoy, M Cenk},
	journal={arXiv preprint arXiv:1710.10169},
	year={2017}
}


@article{turgut2017coverage,
	title={Coverage in heterogeneous downlink millimeter wave cellular networks},
	author={Turgut, Esma and Gursoy, M Cenk},
	journal={IEEE Trans. Commun.},
	volume={65},
	number={10},
	pages={4463--4477},
	year={2017},
	publisher={IEEE}
}



@article{haenggi2009stochastic,
	title={Stochastic geometry and random graphs for the analysis and design of wireless networks},
	author={Haenggi, Martin and Andrews, Jeffrey G and Baccelli, Fran{\c{c}}ois and Dousse, Olivier and Franceschetti, Massimo},
	journal={IEEE J. Sel. Areas Commun.},
	volume={27},
	number={7},
	year={2009},
	publisher={IEEE}
}

@book{haenggi2012stochastic,
	title={Stochastic geometry for wireless networks},
	author={Haenggi, Martin},
	year={2012},
	publisher={Cambridge University Press}
}


@inproceedings{semiari2016downlink,
	title={Downlink cell association and load balancing for joint millimeter wave-microwave cellular networks},
	author={{O. Semiari, W. Saad, and M. Bennis}},
	booktitle={Proc. IEEE GLOBECOM},
	pages={1--6},
	year={Dec. 2016},
	organization={IEEE}
}

@article{singh2015tractable,
	title={Tractable model for rate in self-backhauled millimeter wave cellular networks},
	author={Singh, Sarabjot and Kulkarni, Mandar N and Ghosh, Amitava and Andrews, Jeffrey G},
	journal={IEEE J. Sel. Areas Commun.},
	volume={33},
	number={10},
	pages={2196--2211},
	year={2015},
	publisher={IEEE}
}

@article{semiari2017joint,
	title={Joint millimeter wave and microwave resources allocation in cellular networks with dual-mode base stations},
	author={Semiari, Omid and Saad, Walid and Bennis, Mehdi},
	journal={IEEE Trans. Wireless Commun.},
	volume={16},
	number={7},
	pages={4802--4816},
	year={2017},
	publisher={IEEE}
}

@article{semiari2018integrated,
	title={Integrated Millimeter Wave and Sub-6 GHz Wireless Networks: A Roadmap for Ultra-Reliable Low-Latency Communications},
	author={Semiari, Omid and Saad, Walid and Bennis, Mehdi and Debbah, Merouane},
	journal={arXiv preprint arXiv:1802.03837},
	year={2018}
}

@article{boccardi2014five,
	title={Five disruptive technology directions for {5G}},
	author={Boccardi, Federico and Heath, Robert W and Lozano, Angel and Marzetta, Thomas L and Popovski, Petar},
	journal={IEEE Commun. Mag.},
	volume={52},
	number={2},
	pages={74--80},
	year={2014},
	publisher={IEEE}
}

@article{andrews2014will,
	title={What will {5G} be?},
	author={Andrews, Jeffrey G and Buzzi, Stefano and Choi, Wan and Hanly, Stephen V and Lozano, Angel and Soong, Anthony CK and Zhang, Jianzhong Charlie},
	journal={IEEE J. Sel. Areas Commun.},
	volume={32},
	number={6},
	pages={1065--1082},
	year={2014},
	publisher={IEEE}
}

@article{jamali2016link,
  title={Link allocation for multiuser systems with hybrid {RF/FSO} backhaul: Delay-limited and delay-tolerant designs},
  author={Jamali, Vahid and Michalopoulos, Diomidis S and Uysal, Murat and Schober, Robert},
  journal={IEEE Trans. Wireless Commun.},
  volume={15},
  number={5},
  pages={3281--3295},
  year={2016},
  publisher={IEEE}
}

@book{simon2005digital,
  title={Digital communication over fading channels},
  author={Simon, Marvin K and Alouini, Mohamed-Slim},
  volume={95},
  year={2005},
  publisher={John Wiley \& Sons}
}

@article{soleimani2016generalized,
  title={Generalized performance analysis of mixed {RF/FSO} cooperative systems},
  author={Soleimani-Nasab, Ehsan and Uysal, Murat},
  journal={IEEE Trans. Wireless Commun.},
  volume={15},
  number={1},
  pages={714--727},
  year={2016},
  publisher={IEEE}
}

@article{andrews2017modeling,
  title={Modeling and analyzing millimeter wave cellular systems},
  author={Andrews, Jeffrey G and Bai, Tianyang and Kulkarni, Mandar N and Alkhateeb, Ahmed and Gupta, Abhishek K and Heath, Robert W},
  journal={IEEE Trans. Commun.},
  volume={65},
  number={1},
  pages={403--430},
  year={2017},
  publisher={IEEE}
}

@article{thornburg2016performance,
  title={Performance analysis of outdoor mmWave ad hoc networks},
  author={Thornburg, Andrew and Bai, Tianyang and Heath, Robert W},
  journal={IEEE Trans. Signal Process.},
  volume={64},
  number={15},
  pages={4065--4079},
  year={2016}
}

@article{rappaport2013millimeter,
  title={Millimeter wave mobile communications for {5G} cellular: It will work!},
  author={Rappaport, Theodore S and Sun, Shu and Mayzus, Rimma and Zhao, Hang and Azar, Yaniv and Wang, Kevin and Wong, George N and Schulz, Jocelyn K and Samimi, Mathew and Gutierrez, Felix},
  journal={IEEE access},
  volume={1},
  pages={335--349},
  year={2013},
  publisher={IEEE}
}

@article{singh2015tractable,
  title={Tractable model for rate in self-backhauled millimeter wave cellular networks},
  author={Singh, Sarabjot and Kulkarni, Mandar N and Ghosh, Amitava and Andrews, Jeffrey G},
  journal={IEEE J. Sel. Areas Commun.},
  volume={33},
  number={10},
  pages={2196--2211},
  year={2015},
  publisher={IEEE}
}

@article{di2015stochastic,
  title={Stochastic geometry modeling and analysis of multi-tier millimeter wave cellular networks},
  author={Di Renzo, Marco},
  journal={IEEE Trans. Wireless Commun.},
  volume={14},
  number={9},
  pages={5038--5057},
  year={2015},
  publisher={IEEE}
}


@article{qiu2018lattice,
	title={A Lattice-Partition Framework of Downlink Non-Orthogonal Multiple Access without {SIC}},
	author={Qiu, Min and Huang, Yu-Chih and Shieh, Shin-Lin and Yuan, Jinhong},
	journal={IEEE Trans. Commun.},
	volume={66},
	number={6},
	pages={2532--2546},
	year={2018},
	publisher={IEEE}
}

@inproceedings{wei2016low,
	title={A low complexity {SCMA} decoder based on list sphere decoding},
	author={Wei, Fan and Chen, Wen},
	booktitle={Global Communications Conference (GLOBECOM), 2016 IEEE},
	pages={1--6},
	year={2016},
	organization={IEEE}
}


@inproceedings{jamali2018low,
	title={A Low-Complexity Recursive Approach Toward Code-Domain {NOMA} for Massive Communications},
	author={Jamali, Mohammad Vahid and Mahdavifar, Hessam},
	booktitle={Proc. IEEE Global Commun. Conf. (GLOBECOM), Dec. 2018},
	pages={1--6}
}

@inproceedings{xiong2017advanced,
	title={Advanced {NoMA} Scheme for {5G} Cellular Network: Interleave-Grid Multiple Access},
	author={Xiong, Qi and Qian, Chen and Yu, Bin and Sun, Chengjun},
	booktitle={Globecom Workshops (GC Wkshps), 2017 IEEE},
	pages={1--5},
	year={2017},
	organization={IEEE}
}

@article{chen2018toward,
	title={Toward the Standardization of Non-Orthogonal Multiple Access for Next Generation Wireless Networks},
	author={Chen, Yan and Bayesteh, Alireza and Wu, Yiqun and Ren, Bin and Kang, Shaoli and Sun, Shaohui and Xiong, Qi and Qian, Chen and Yu, Bin and Ding, Zhiguo and others},
	journal={IEEE Commun. Mag.},
	volume={56},
	number={3},
	pages={19--27},
	year={2018},
	publisher={IEEE}
}

@inproceedings{zhang2017enhanced,
	title={Enhanced IDMA with Rate-Compatible Raptor-Like Quasi-Cyclic LDPC Code for 5G},
	author={Zhang, Yushu and Peng, Kewu and Song, Jian},
	booktitle={Globecom Workshops (GC Wkshps), 2017 IEEE},
	pages={1--6},
	year={2017},
	organization={IEEE}
}

@inproceedings{fang2016lattice,
	title={Lattice partition multiple access: A new method of downlink non-orthogonal multiuser transmissions},
	author={Fang, Dong and Huang, Yu-Chih and Ding, Zhiguo and Geraci, Giovanni and Shieh, Shin-Lin and Claussen, Holger},
	booktitle={Global Communications Conference (GLOBECOM), 2016 IEEE},
	pages={1--6},
	year={2016},
	organization={IEEE}
}

@article{sun2015ergodic,
	title={On the ergodic capacity of {MIMO NOMA} systems},
	author={Sun, Qi and Han, Shuangfeng and Chin-Lin, I and Pan, Zhengang},
	journal={IEEE Wireless Commun. Lett.},
	volume={4},
	number={4},
	pages={405--408},
	year={2015},
	publisher={IEEE}
}

@article{ding2017random,
	title={Random beamforming in millimeter-wave {NOMA} networks},
	author={Ding, Zhiguo and Fan, Pingzhi and Poor, H Vincent},
	journal={IEEE Access},
	volume={5},
	pages={7667--7681},
	year={2017},
	publisher={IEEE}
}

@article{mahdavifar2011achieving,
	title={Achieving the secrecy capacity of wiretap channels using polar codes},
	author={Mahdavifar, Hessam and Vardy, Alexander},
	journal={IEEE Trans. Inf. Theory},
	volume={57},
	number={10},
	pages={6428--6443},
	year={2011},
	publisher={IEEE}
}

@inproceedings{taherzadeh2014scma,
	title={{SCMA} codebook design},
	author={Taherzadeh, Mahmoud and Nikopour, Hosein and Bayesteh, Alireza and Baligh, Hadi},
	booktitle={Proc. IEEE Veh. Technol. Conf., Las Vegas, NV, USA, Sep. 2014},
	pages={1--5},
}

@article{yin2016performance,
	title={Performance evaluation of non-orthogonal multiple access in visible light communication},
	author={Yin, Liang and Popoola, Wasiu O and Wu, Xiping and Haas, Harald},
	journal={IEEE Trans. Commun.},
	volume={64},
	number={12},
	pages={5162--5175},
	year={2016},
	publisher={IEEE}
}


@article{marshoud2017performance,
	title={On the Performance of Visible Light Communication Systems With Non-Orthogonal Multiple Access},
	author={Marshoud, Hanaa and Sofotasios, Paschalis C and Muhaidat, Sami and Karagiannidis, George K and Sharif, Bayan S},
	journal={IEEE Trans. Wireless Commun.},
	volume={16},
	number={10},
	pages={6350--6364},
	year={2017},
	publisher={IEEE}
}

@article{marshoud2016non,
	title={Non-orthogonal multiple access for visible light communications},
	author={Marshoud, Hanaa and Kapinas, Vasileios M and Karagiannidis, George K and Muhaidat, Sami},
	journal={IEEE Photon. Technol. Lett},
	volume={28},
	number={1},
	pages={51--54},
	year={2016}
}


@article{ding2017random,
	title={Random beamforming in millimeter-wave NOMA networks},
	author={Ding, Zhiguo and Fan, Pingzhi and Poor, H Vincent},
	journal={IEEE Access},
	year={2017},
	publisher={IEEE}
}

@article{zeng2017capacity,
	title={Capacity Comparison Between {MIMO-NOMA} and {MIMO-OMA} With Multiple Users in a Cluster},
	author={Ding, Zhiguo and Lei, Xianfu and Karagiannidis, George K and Schober, Robert and Yuan, Jinhong and Bhargava, Vijay K},
	journal={IEEE J. Sel. Areas Commun.},
	volume={35},
	number={10},
	pages={2413--2424},
	year={2017},
	publisher={IEEE}
}


@article{chen2016application,
	title={On the application of quasi-degradation to MISO-NOMA downlink},
	author={Chen, Zhiyong and Ding, Zhiguo and Dai, Xuchu and Karagiannidis, George K},
	journal={IEEE Trans. Signal Process.},
	volume={64},
	number={23},
	pages={6174--6189},
	year={2016},
	publisher={IEEE}
}

@article{chen2016optimal,
	title={Optimal precoding for a QoS optimization problem in two-user MISO-NOMA downlink},
	author={Chen, Zhiyong and Ding, Zhiguo and Xu, Peng and Dai, Xuchu},
	journal={IEEE Commun. Lett.},
	volume={20},
	number={6},
	pages={1263--1266},
	year={2016},
	publisher={IEEE}
}

@article{kim2015capacity,
	title={Capacity analysis of cooperative relaying systems using non-orthogonal multiple access},
	author={Kim, Jung-Bin and Lee, In-Ho},
	journal={IEEE Commun. Lett.},
	volume={19},
	number={11},
	pages={1949--1952},
	year={2015},
	publisher={IEEE}
}

@article{ding2017application,
	title={Application of non-orthogonal multiple access in LTE and 5G networks},
	author={Ding, Zhiguo and Liu, Yuanwei and Choi, Jinho and Sun, Qi and Elkashlan, Maged and Chih-Lin, I and Poor, H Vincent},
	journal={IEEE Commun. Mag.},
	volume={55},
	number={2},
	pages={185--191},
	year={2017},
	publisher={IEEE}
}

@inproceedings{saito2013non,
	title={Non-orthogonal multiple access (NOMA) for cellular future radio access},
	author={Saito, Yuya and Kishiyama, Yoshihisa and Benjebbour, Anass and Nakamura, Takehiro and Li, Anxin and Higuchi, Kenichi},
	booktitle={Proc. IEEE Veh. Technol. Conf., Dresden, Germany, Jun. 2013},
	pages={1--5},
}



@article{arikan2009channel,
	title={Channel polarization: A method for constructing capacity-achieving codes for symmetric binary-input memoryless channels},
	author={Arikan, Erdal},
	journal={IEEE Trans. Inf. Theory},
	volume={55},
	number={7},
	pages={3051--3073},
	year={2009},
	publisher={IEEE}
}

@article{dai2015non,
	title={Non-orthogonal multiple access for {5G}: solutions, challenges, opportunities, and future research trends},
	author={Dai, Linglong and Wang, Bichai and Yuan, Yifei and Han, Shuangfeng and Chih-Lin, I and Wang, Zhaocheng},
	journal={IEEE Commun. Mag.},
	volume={53},
	number={9},
	pages={74--81},
	year={2015},
	publisher={IEEE}
}

@article{ding2017survey,
	title={A survey on non-orthogonal multiple access for {5G} networks: Research challenges and future trends},
	author={Ding, Zhiguo and Lei, Xianfu and Karagiannidis, George K and Schober, Robert and Yuan, Jinhong and Bhargava, Vijay K},
	journal={IEEE J. Sel. Areas Commun.},
	volume={35},
	number={10},
	pages={2181--2195},
	year={2017},
	publisher={IEEE}
}

@inproceedings{nikopour2013sparse,
	title={Sparse code multiple access},
	author={Nikopour, Hosein and Baligh, Hadi},
	booktitle={Proc. IEEE Int. Symp. Pers. Indoor Mobile Radio Commun., London, U.K., Sep. 2013},
	pages={332--336},
}

@article{chen2017pattern,
	title={Pattern Division Multiple AccessâA Novel Nonorthogonal Multiple Access for Fifth-Generation Radio Networks},
	author={Chen, Shanzhi and Ren, Bin and Gao, Qiubin and Kang, Shaoli and Sun, Shaohui and Niu, Kai},
	journal={IEEE Trans. Veh. Technol.},
	volume={66},
	number={4},
	pages={3185--3196},
	year={2017},
	publisher={IEEE}
}

@article{ding2014performance,
	title={On the performance of non-orthogonal multiple access in {5G} systems with randomly deployed users},
	author={Ding, Zhiguo and Yang, Zheng and Fan, Pingzhi and Poor, H Vincent},
	journal={IEEE Signal Process. Lett.},
	volume={21},
	number={12},
	pages={1501--1505},
	year={2014},
	publisher={IEEE}
}

@article{ding2015cooperative,
	title={Cooperative non-orthogonal multiple access in {5G} systems},
	author={Ding, Zhiguo and Peng, Mugen and Poor, H Vincent},
	journal={IEEE Commun. Lett.},
	volume={19},
	number={8},
	pages={1462--1465},
	year={2015},
	publisher={IEEE}
}

@article{liu2016cooperative,
	title={Cooperative non-orthogonal multiple access with simultaneous wireless information and power transfer},
	author={Liu, Yuanwei and Ding, Zhiguo and Elkashlan, Maged and Poor, H Vincent},
	journal={IEEE J. Sel. Areas Commun.},
	volume={34},
	number={4},
	pages={938--953},
	year={2016},
	publisher={IEEE}
}

@article{NCMA,
	title={Practical Power-Balanced Non-Orthogonal Multiple Access},
	author={Pan, Haoyuan and Lu, Lu and Liew, Soung Chang},
	journal={IEEE J. Sel. Areas Commun.},
	volume={35},
	number={10},
	pages={2312 - 2327},
	year={2017},
	publisher={IEEE}
}

@article{yang2016impact,
	title={Impact of factor graph on average sum rate for uplink sparse code multiple access systems},
	author={Yang, Zheng and Cui, Jingjing and Lei, Xianfu and Ding, Zhiguo and Fan, Pingzhi and Chen, Dageng},
	journal={IEEE Access},
	volume={4},
	pages={6585--6590},
	year={2016},
	publisher={IEEE}
}

@inproceedings{shental2017low,
	title={Low-Density Code-Domain {NOMA}: Better Be Regular},
	author={Shental, Ori and Zaidel, Benjamin M and Shamai, Shlomo},
	booktitle={Proc. IEEE Int. Symp. Inf. Theory, Aachen, Germany, Jul. 2017},
	pages={2628--2632},
}

@article{xu2015new,
	title={A new evaluation criterion for non-orthogonal multiple access in {5G} software defined networks},
	author={Xu, Peng and Ding, Zhiguo and Dai, Xuchu and Poor, H Vincent},
	journal={IEEE Access},
	volume={3},
	pages={1633--1639},
	year={2015},
	publisher={IEEE}
}


@inproceedings{mahdavifar2013compound,
	title={Compound polar codes},
	author={Mahdavifar, Hessam and El-Khamy, Mostafa and Lee, Jungwon and Kang, Inyup},
	booktitle={Information Theory and Applications Workshop (ITA)},
	pages={1--6},
	year={2013},
	organization={IEEE}
}

@article{men2017performance,
	title={Performance Analysis of Nonorthogonal Multiple Access for Relaying Networks Over {Nakagami-$m$} Fading Channels},
	author={Men, Jinjin and Ge, Jianhua and Zhang, Chensi},
	journal={IEEE Trans. Veh. Technol.},
	volume={66},
	number={2},
	pages={1200--1208},
	year={2017},
	publisher={IEEE}
}

@article{kader2018coordinated,
	title={Coordinated direct and relay transmission using uplink {NOMA}},
	author={Kader, Md Fazlul and Shin, Soo Young},
	journal={IEEE Wireless Commun. Lett.},
	volume={7},
	number={3},
	pages={400--403},
	year={2018},
	publisher={IEEE}
}

@article{xiao2018forwarding,
	title={Forwarding Strategy Selection in Dual-Hop {NOMA} Relaying Systems},
	author={Xiao, Yue and Hao, Li and Ma, Zheng and Ding, Zhiguo and Zhang, Zhengquan and Fan, Pingzhi},
	journal={IEEE Commun. Lett., to appear},
	year={Feb. 2018},
	publisher={IEEE}
}

@article{zhang2016uplink,
	title={Uplink nonorthogonal multiple access in {5G} systems},
	author={Zhang, Ningbo and Wang, Jing and Kang, Guixia and Liu, Yang},
	journal={IEEE Commun. Lett.},
	volume={20},
	number={3},
	pages={458--461},
	year={2016},
	publisher={IEEE}
}

@article{yang2016general,
	title={A general power allocation scheme to guarantee quality of service in downlink and uplink {NOMA} systems},
	author={Yang, Zheng and Ding, Zhiguo and Fan, Pingzhi and Al-Dhahir, Naofal},
	journal={IEEE Trans. Wireless Commun.},
	volume={15},
	number={11},
	pages={7244--7257},
	year={2016},
	publisher={IEEE}
}

@book{david1970order,
	title={Order statistics},
	author={David, Herbert Aron and Nagaraja, Haikady Navada},
	year={1970},
	publisher={Wiley Online Library}
}


@article{lee2011performance,
	title={Performance analysis of the asymmetric dual-hop relay transmission with mixed {RF/FSO} links},
	author={Lee, Eunju and Park, Jaedon and Han, Dongsoo and Yoon, Giwan},
	journal={IEEE Photonics Technol. Lett.},
	volume={23},
	number={21},
	pages={1642--1644},
	year={2011},
	publisher={IEEE}
}

@article{gappmair2011further,
	title={Further results on the capacity of free-space optical channels in turbulent atmosphere},
	author={Gappmair, Wilfried},
	journal={IET Commun.},
	volume={5},
	number={9},
	pages={1262--1267},
	year={2011},
	publisher={IET}
}

@article{ansari2013impact,
	title={Impact of pointing errors on the performance of mixed {RF/FSO} dual-hop transmission systems},
	author={Ansari, Imran Shafique and Yilmaz, Ferkan and Alouini, Mohamed-Slim},
	journal={IEEE Wireless Commun. Lett.},
	volume={2},
	number={3},
	pages={351--354},
	year={2013},
	publisher={IEEE}
}

@article{sandalidis2009optical,
	title={Optical wireless communications with heterodyne detection over turbulence channels with pointing errors},
	author={Sandalidis, Harilaos G and Tsiftsis, Theodoros A and Karagiannidis, George K},
	journal={J. Lightw. Technol.},
	volume={27},
	number={20},
	pages={4440--4445},
	year={2009},
	publisher={IEEE}
}

@book{gradshteyn2014table,
	title={Table of integrals, series, and products},
	author={Gradshteyn, Izrail Solomonovich and Ryzhik, Iosif Moiseevich},
	year={2007},
	publisher={Academic Press}
}

@inproceedings{demers2011survey,
  title={A survey of opportunities for free space optics in next generation cellular networks},
  author={Demers, Fr{\'e}d{\'e}ric and Yanikomeroglu, Halim and St-Hilaire, Marc},
  booktitle={Communication Networks and Services Research Conference (CNSR), 2011 Ninth Annual},
  pages={210--216},
  year={2011},
  organization={IEEE}
}

@article{ge20145g,
  title={{5G} wireless backhaul networks: challenges and research advances},
  author={Ge, Xiaohu and Cheng, Hui and Guizani, Mohsen and Han, Tao},
  journal={IEEE Network},
  volume={28},
  number={6},
  pages={6--11},
  year={2014},
  publisher={IEEE}
}

@inproceedings{ananthanarayanan2013effective,
  title={Effective straggler mitigation: Attack of the clones},
  author={Ananthanarayanan, Ganesh and Ghodsi, Ali and Shenker, Scott and Stoica, Ion},
  booktitle={Presented as part of the 10th {USENIX} Symposium on Networked Systems Design and Implementation ({NSDI} 13)},
  pages={185--198},
  year={2013}
}


@book{higham2002accuracy,
  title={Accuracy and stability of numerical algorithms},
  author={Higham, Nicholas J},
  volume={80},
  year={2002},
  publisher={Siam}
}

@book{macwilliams1977theory,
  title={The theory of error-correcting codes},
  author={MacWilliams, Florence Jessie and Sloane, Neil James Alexander},
  
  year={1977},
  publisher={New York: North-Holland}
}

@article{kudekar2017reed,
  title={{Reed-Muller} codes achieve capacity on erasure channels},
  author={Kudekar, Shrinivas and Kumar, Santhosh and Mondelli, Marco and Pfister, Henry D and {\c{S}}a{\c{s}}oǧlu, Eren and Urbanke, R{\"u}diger L},
  journal={IEEE Trans. Inf. Theory},
  volume={63},
  number={7},
  pages={4298--4316},
  year={2017},
  publisher={IEEE}
}

@inproceedings{hassani2018almost,
  title={Almost optimal scaling of Reed-Muller codes on BEC and BSC channels},
  author={Hassani, Hamed and Kudekar, Shrinivas and Ordentlich, Or and Polyanskiy, Yury and Urbanke, Rudiger},
  booktitle={2018 IEEE International Symposium on Information Theory},
  pages={311--315},
  year={2018},
  organization={IEEE}
}

@article{hassani2014finite,
  title={Finite-length scaling for polar codes},
  author={Hassani, Seyed Hamed and Alishahi, Kasra and Urbanke, R{\"u}diger L},
  journal={IEEE Trans. Inf. Theory},
  volume={60},
  number={10},
  pages={5875--5898},
  year={2014},
  publisher={IEEE}
}

@inproceedings{mahdavifar2017scaling,
  title={Scaling exponent of sparse random linear codes over binary erasure channels},
  author={Mahdavifar, Hessam},
  booktitle={IEEE International Symposium on Information Theory (ISIT)}, 
  pages={689--693},
  year={2017},
  organization={IEEE}
}

@article{yang2017computing,
  title={Computing linear transformations with unreliable components},
  author={Yang, Yaoqing and Grover, Pulkit and Kar, Soummya},
  journal={IEEE Trans. Inf. Theory},
  volume={63},
  number={6},
  pages={3729--3756},
  year={2017},
  publisher={IEEE}
}

@inproceedings{dutta2016short,
  title={Short-dot: Computing large linear transforms distributedly using coded short dot products},
  author={Dutta, Sanghamitra and Cadambe, Viveck and Grover, Pulkit},
  booktitle={Adv. in Neural Info. Proc. Systems (NIPS)},
  pages={2100--2108},
  year={2016}
}

@article{ramamoorthy2019universally,
  title={Universally decodable matrices for distributed matrix-vector multiplication},
  author={Ramamoorthy, Aditya and Tang, Li and Vontobel, Pascal O},
  journal={arXiv preprint arXiv:1901.10674},
  year={2019}
}

@inproceedings{TLDK17,
  title={{Gradient coding: Avoiding stragglers in distributed learning}},
  author={Tandon, Rashish and Lei, Qi and Dimakis, Alexandros G and Karampatziakis, Nikos},
  booktitle={International Conference on Machine Learning},
  pages={3368--3376},
  year={2017}
}

@inproceedings{HASH17,
  title={Improving distributed gradient descent using {R}eed-{S}olomon codes},
  author={Halbawi, Wael and Azizan, Navid and Salehi, Fariborz and Hassibi, Babak},
  booktitle={2018 IEEE International Symposium on Information Theory (ISIT)},
  pages={2027--2031},
  year={2018},
  organization={IEEE}
}

@article{LLPPR17,
  title={{Speeding Up Distributed Machine Learning Using Codes}},
  author={Lee, Kangwook and Lam, Maximilian and Pedarsani, Ramtin and Papailiopoulos, Dimitris and Ramchandran, Kannan},
  journal={IEEE Transactions on Information Theory},
  volume={64},
  number={3},
  pages={1514--1529},
  year={2017},
  publisher={IEEE}
}

@inproceedings{YA18,
  title={{Communication-Computation Efficient Gradient Coding}},
  author={Ye, Min and Abbe, Emmanuel},
  booktitle={International Conference on Machine Learning},
  pages={5610--5619},
  year={2018},
  organization={PMLR}
}

@inproceedings{ERK10,
  title={Fractional repetition codes for repair in distributed storage systems},
  author={El Rouayheb, Salim and Ramchandran, Kannan},
  booktitle={2010 48th Annual Allerton Conference on Communication, Control, and Computing (Allerton)},
  pages={1510--1517},
  organization={IEEE}
}

@INPROCEEDINGS{JSM19,
  author={M. V. {Jamali} and M. {Soleymani} and H. {Mahdavifar}},
  booktitle={2019 IEEE Information Theory Workshop (ITW)}, 
  title={Coded Distributed Computing: Performance Limits and Code Designs}, 
  year={2019},
  volume={},
  number={},
  pages={1-5},}

@article{RTTD17,
  title={{Gradient Coding from Cyclic MDS Codes and Expander Graphs}},
  author={Raviv, Netanel and Tamo, Itzhak and Tandon, Rashish and Dimakis, Alexandros G},
  journal={IEEE Transactions on Information Theory},
  volume={66},
  number={12},
  pages={7475--7489},
  year={2020},
  publisher={IEEE}
}

@INPROCEEDINGS{CP18,
  author={Charles, Zachary and Papailiopoulos, Dimitris},
  booktitle={2018 IEEE International Symposium on Information Theory (ISIT)}, 
  title={{Gradient Coding Using the Stochastic Block Model}}, 
  year={2018},
  volume={},
  number={},
  pages={1998-2002},
  doi={10.1109/ISIT.2018.8437887}
}

@article{CPE17,
  title={Approximate gradient coding via sparse random graphs},
  author={Charles, Zachary and Papailiopoulos, Dimitris and Ellenberg, Jordan},
  journal={arXiv preprint arXiv:1711.06771},
  year={2017}
}

@article{WCP19,
  title={ErasureHead: Distributed Gradient Descent without Delays Using Approximate Gradient Coding},
  author={Wang, Hongyi and Charles, Zachary and Papailiopoulos, Dimitris},
  journal={arXiv preprint arXiv:1901.09671},
  year={2019}
}

@article{BWE19,
  title={{Stochastic Gradient Coding for Straggler Mitigation in Distributed Learning}},
  author={Bitar, Rawad and Wootters, Mary and El Rouayheb, Salim},
  journal={IEEE Journal on Selected Areas in Information Theory}, 
  volume={1},
  pages={277-291},
  year={2020},
  publisher={IEEE}
}

@article{WLS19,
  title={{Fundamental Limits of Approximate Gradient Coding}},
  author={Wang, Sinong and Liu, Jiashang and Shroff, Ness},
  journal={Proceedings of the ACM on Measurement and Analysis of Computing Systems},
  volume={3},
  number={3},
  pages={1--22},
  year={2019},
  publisher={ACM New York, NY, USA}
}

@inproceedings{KKR19,
  title={{Gradient Coding Based on Block Designs for Mitigating Adversarial Stragglers}},
  author={Kadhe, Swanand and Koyluoglu, O Ozan and Ramchandran, Kannan},
  booktitle={2019 IEEE International Symposium on Information Theory (ISIT)},
  pages={2813--2817},
  year={2019},
  organization={IEEE}
}

@article{HYKM19,
  title={Distributed Stochastic Gradient Descent Using LDGM Codes},
  author={Horii, Shunsuke and Yoshida, Takahiro and Kobayashi, Manabu and Matsushima, Toshiyasu},
  journal={arXiv preprint arXiv:1901.04668},
  year={2019}
}

@article{OGU19,
  title={Gradient Coding with Clustering and Multi-message Communication},
  author={Ozfatura, Emre and Gunduz, Deniz and Ulukus, Sennur},
  journal={arXiv preprint arXiv:1903.01974},
  year={2019}
}

@article{CHZP18,
  title={Draco: Byzantine-resilient distributed training via redundant gradients},
  author={Chen, Lingjiao and Wang, Hongyi and Charles, Zachary and Papailiopoulos, Dimitris},
  journal={arXiv preprint arXiv:1803.09877},
  year={2018}
}

@inproceedings{FC19,
  title={Numerically stable polynomially coded computing},
  author={Fahim, Mohammad and Cadambe, Viveck R},
  booktitle={2019 IEEE International Symposium on Information Theory (ISIT)},
  pages={3017--3021},
  year={2019},
  organization={IEEE}
}

@inproceedings{SHN19,
  title={Random Khatri-Rao-Product Codes for Numerically-Stable Distributed Matrix Multiplication},
  author={Subramaniam, Adarsh M and Heidarzadeh, Anoosheh and Narayanan, Krishna R},
  booktitle={2019 57th Annual Allerton Conference on Communication, Control, and Computing (Allerton)},
  pages={253--259},
  year={2019},
  organization={IEEE}
}

@inproceedings{CPH20a,
  title={{Weighted Gradient Coding with Leverage Score Sampling}},
  author={Charalambides, Neophytos and Pilanci, Mert and Hero, Alfred O},
  booktitle={ICASSP 2020-2020 IEEE International Conference on Acoustics, Speech and Signal Processing (ICASSP)},
  pages={5215--5219},
  year={2020},
  organization={IEEE}
}

@article{CPH20b,
  title={Straggler Robust Distributed Matrix Inverse Approximation},
  author={Charalambides, Neophytos and Pilanci, Mert and Hero III, Alfred O},
  journal={arXiv preprint arXiv:2003.02948},
  year={2020}
}

@article{RRG20a,
  title={A locality-based approach for coded computation},
  author={Rudow, Michael and Rashmi, KV and Guruswami, Venkatesan},
  journal={arXiv preprint arXiv:2002.02440},
  year={2020}
}

@INPROCEEDINGS{RRG20,
  author={Rudow, Michael and Rashmi, K.V. and Guruswami, Venkatesan},
  booktitle={2021 IEEE International Symposium on Information Theory (ISIT)}, 
  title={A locality-based lens for coded computation}, 
  year={2021},
  volume={},
  number={},
  pages={1070-1075},
  doi={10.1109/ISIT45174.2021.9518056}
}

@inproceedings{YSRKSA18,
  title={{Lagrange Coded Computing: Optimal Design for Resiliency, Security, and Privacy}},
  author={Yu, Qian and Li, Songze and Raviv, Netanel and Kalan, Seyed Mohammadreza Mousavi and Soltanolkotabi, Mahdi and Avestimehr, Salman A},
  booktitle={The 22nd International Conference on Artificial Intelligence and Statistics},
  pages={1215--1225},
  year={2019},
  organization={PMLR}
}

@INPROCEEDINGS{CMH20,
  author={Charalambides, Neophytos and Mahdavifar, Hessam and Hero, Alfred O.},
  booktitle={2020 IEEE International Symposium on Information Theory (ISIT)}, 
  title={{Numerically Stable Binary Gradient Coding}}, 
  year={2020},
  volume={},
  number={},
  pages={2622-2627},
  doi={10.1109/ISIT44484.2020.9174512}
}

@article{HW19,
  title={Privacy-Preserving Distributed Learning with Secret Gradient Descent},
  author={Hartmann, Valentin and West, Robert},
  journal={arXiv preprint arXiv:1906.11993},
  year={2019}
}

@article{HNWL09,
  title={Privacy-preserving gradient-descent methods},
  author={Han, Shuguo and Ng, Wee Keong and Wan, Li and Lee, Vincent CS},
  journal={IEEE Transactions on Knowledge and Data Engineering},
  volume={22},
  number={6},
  pages={884--899},
  year={2009},
  publisher={IEEE}
}

@inproceedings{Sar06,
  title={{Improved Approximation Algorithms for Large Matrices via Random Projections}},
  author={Sarl{\'o}s, Tam{\'a}s},
  booktitle={2006 47th annual IEEE symposium on foundations of computer science (FOCS'06)},
  pages={143--152},
  year={2006},
  organization={IEEE}
}

@article{DMMS11,
  title={{Faster Least Squares Approximation}},
  author={Drineas, Petros and Mahoney, Michael W and Muthukrishnan, Shan and Sarl{\'o}s, Tam{\'a}s},
  journal={Numerische mathematik},
  volume={117},
  number={2},
  pages={219--249},
  year={2011},
  publisher={Springer}
}

@inproceedings{LSR17,
  title={{High-Dimensional Coded Matrix Multiplication}},
  author={Lee, Kangwook and Suh, Changho and Ramchandran, Kannan},
  booktitle={IEEE International Symposium on Information Theory (ISIT)}, 
  pages={2418--2422},
  year={2017},
  organization={IEEE}
}

@book{KL14,
  title={Introduction to modern cryptography},
  author={Katz, Jonathan and Lindell, Yehuda},
  year={2014},
  publisher={Chapman and Hall/CRC}
}

@book{Lau04,
  author = {Laub, Alan J.},
  title = {{Matrix Analysis For Scientists And Engineers}},
  year = {2004},
  isbn = {0898715768},
  publisher = {Society for Industrial and Applied Mathematics},
  address = {USA}
}

@article{AKHK17,
  title={A compression sensing and noise-tolerant image encryption scheme based on chaotic maps and orthogonal matrices},
  author={Ahmad, Jawad and Khan, Muazzam A and Hwang, Seong Oun and Khan, Jan Sher},
  journal={Neural computing and applications},
  volume={28},
  number={1},
  pages={953--967},
  year={2017},
  publisher={Springer}
}

@article{AMAK18,
  title={A novel image encryption scheme based on orthogonal matrix, skew tent map, and XOR operation},
  author={Ahmad, Jawad and Khan, Muazzam Ali and Ahmed, Fawad and Khan, Jan Sher},
  journal={Neural Computing and Applications},
  volume={30},
  number={12},
  pages={3847--3857},
  year={2018},
  publisher={Springer}
}

@article{Cac14,
  title={Orthogonal Matrix in Cryptography},
  author={Yeray Cachón Santana},
  journal={arXiv preprint arXiv:1401.5787},
  year={2014}
}

@article{AID19,
author = {Salamudeen Alhassan and Mohammed Muniru Iddrisu and Mohammed Ibrahim Daabo},
title = {Perceptual video encryption using orthogonal matrix},
journal = {International Journal of Computer Mathematics: Computer Systems Theory},
volume = {4},
number = {3-4},
pages = {129-139},
year  = {2019},
publisher = {Taylor & Francis},
doi = {10.1080/23799927.2019.1645210},
URL = { 
        https://doi.org/10.1080/23799927.2019.1645210
},
eprint = { 
        https://doi.org/10.1080/23799927.2019.1645210
}
}

@article{reddy2018image,
  title={Image Encryption Using Orthogonal Hill Cipher Algorithm},
  author={Reddy, K Madhusudhan and Itagi, Anirudh and Dabas, Saransh and Prakash, Bonam Kamala},
  journal={International Journal of Engineering \& Technology},
  volume={7},
  number={4.10},
  pages={59--63},
  year={2018}
}

@article{khan2015hill,
  title={Hill cipher key generation algorithm by using orthogonal matrix},
  author={Khan, Fozia Hanif and Shams, Rehan and Qazi, Farheen and Agha, D},
  journal={Int. J. Innov. Sci. Mod. Eng},
  volume={3},
  number={3},
  pages={5--7},
  year={2015}
}

@inproceedings{YMAA17,
  title={{Polynomial Codes: an Optimal Design for High-Dimensional Coded Matrix Multiplication}},
  author={Yu, Qian and Maddah-Ali, Mohammad and Avestimehr, Salman},
  booktitle={Advances in Neural Information Processing Systems},
  pages={4403--4413},
  year={2017}
}

@article{YMAA20,
  title={{Straggler Mitigation in Distributed Matrix Multiplication: Fundamental Limits and Optimal Coding}},
  author={Yu, Qian and Maddah-Ali, Mohammad Ali and Avestimehr, A Salman},
  journal={IEEE Transactions on Information Theory},
  volume={66},
  number={3},
  pages={1920--1933},
  year={2020},
  publisher={IEEE}
}

@inproceedings{YA20,
  title={{Entangled Polynomial Codes for Secure, Private, and Batch Distributed Matrix Multiplication: Breaking the ``Cubic'' Barrier}},
  author={Yu, Qian and Avestimehr, A Salman},
  booktitle={2020 IEEE International Symposium on Information Theory (ISIT)},
  pages={245--250},
  year={2020},
  organization={IEEE}
}


@inproceedings{FJHDCG17,
  title={On the optimal recovery threshold of coded matrix multiplication},
  author={Fahim, Mohammad and Jeong, Haewon and Haddadpour, Farzin and Dutta, Sanghamitra and Cadambe, Viveck and Grover, Pulkit},
  booktitle={2017 55th Annual Allerton Conference on Communication, Control, and Computing (Allerton)},
  pages={1264--1270},
  year={2017},
  organization={IEEE}
}

@article{DFHJCG19,
  title={On the optimal recovery threshold of coded matrix multiplication},
  author={Dutta, Sanghamitra and Fahim, Mohammad and Haddadpour, Farzin and Jeong, Haewon and Cadambe, Viveck and Grover, Pulkit},
  journal={IEEE Transactions on Information Theory},
  volume={66},
  number={1},
  pages={278--301},
  year={2019},
  publisher={IEEE}
}

@article{HMPW19,
  title={Privacy-Preserving Classification with Secret Vector Machines},
  author={Hartmann, Valentin and Modi, Konark and Pujol, Josep M and West, Robert},
  journal={arXiv preprint arXiv:1907.03373},
  year={2019}
}

@article{SMA20a,
  title={Privacy-Preserving Distributed Learning in the Analog Domain},
  author={Soleymani, Mahdi and Mahdavifar, Hessam and Avestimehr, A Salman},
  journal={arXiv preprint arXiv:2007.08803},
  year={2020}
}

@article{SMA20b,
  title={Analog Lagrange Coded Computing},
  author={Soleymani, Mahdi and Mahdavifar, Hessam and Avestimehr, A Salman},
  journal={arXiv preprint arXiv:2008.08565},
  year={2020}
}

@inproceedings{YA19,
  title={{Harmonic Coding: An Optimal Linear Code for Privacy-Preserving Gradient-Type Computation}},
  author={Yu, Qian and Avestimehr, A Salman},
  booktitle={2019 IEEE International Symposium on Information Theory (ISIT)},
  pages={1102--1106},
  year={2019},
  organization={IEEE}
}

@inproceedings{JL84,
  title={{Extensions of Lipschitz mappings into a Hilbert space}},
  author={Johnson, William B. and Lindenstrauss, Joram},
  booktitle={Contemp. Math.},
  volume={26},
  pages={189--206},
  year={1984}
}
@inproceedings{AC06,
  title={{Approximate Nearest Neighbors and the Fast Johnson--Lindenstrauss Transform}},
  author={Ailon, Nir and Chazelle, Bernard},
  booktitle={Proceedings of the thirty-eighth annual ACM symposium on Theory of computing},
  pages={557--563},
  year={2006}
}

@article{AC09,
  title={{The Fast Johnson--Lindenstrauss Transform and Approximate Nearest Neighbors}},
  author={Ailon, Nir and Chazelle, Bernard},
  journal={SIAM Journal on computing},
  volume={39},
  number={1},
  pages={302--322},
  year={2009},
  publisher={SIAM}
}

@article{Elf80,
  title={Block-iterative methods for consistent and inconsistent linear equations},
  author={Elfving, Tommy},
  journal={Numerische Mathematik},
  volume={35},
  number={1},
  pages={1--12},
  year={1980},
  publisher={Springer}
}

@article{NT14,
  title={Paved with good intentions: analysis of a randomized block Kaczmarz method},
  author={{Needell, Deanna and Tropp, Joel A}},
  journal={Linear Algebra and its Applications},
  volume={441},
  pages={199--221},
  year={2014},
  publisher={Elsevier}
}

@article{RN20,
  title={{On block Gaussian sketching for the Kaczmarz method}},
  author={Rebrova, Elizaveta and Needell, Deanna},
  journal={Numerical Algorithms},
  pages={1--31},
  year={2020},
  publisher={Springer}
}

@article{Gut06,
  title={{Block Krylov Space Methods for Linear Systems with Multiple Right-hand Sides: An Introduction}},
  author={Gutknecht, Martin H},
  journal={Modern Mathematical Models,Methods and Algorithms for Real World Systems},
  year={2006},
  publisher={Anamaya Publishers}
}

@article{Woo14,
  title={Sketching as a tool for numerical linear algebra},
  author={Woodruff, David P},
  journal={arXiv preprint arXiv:1411.4357},
  year={2014}
}

@article{Mah16,
  title={Lecture notes on randomized linear algebra},
  author={Mahoney, Michael W},
  journal={arXiv preprint arXiv:1608.04481},
  year={2016}
}

@inproceedings{DMM06,
  title={Sampling algorithms for $\ell_2$ regression and applications},
  author={Drineas, Petros and Mahoney, Michael W and Muthukrishnan, Shan},
  booktitle={{Proceedings of the seventeenth annual ACM-SIAM Symposium on Discrete Algorithms}},
  pages={1127--1136},
  year={2006}
}

@article{DMMW12,
  title={Fast approximation of matrix coherence and statistical leverage},
  author={Drineas, Petros and Magdon-Ismail, Malik and Mahoney, Michael W and Woodruff, David P},
  journal={Journal of Machine Learning Research},
  volume={13},
  number={Dec},
  pages={3475--3506},
  year={2012}
}

@inproceedings{RMHJP20,
  title={Fedpaq: A communication-efficient federated learning method with periodic averaging and quantization},
  author={Reisizadeh, Amirhossein and Mokhtari, Aryan and Hassani, Hamed and Jadbabaie, Ali and Pedarsani, Ramtin},
  booktitle={International Conference on Artificial Intelligence and Statistics},
  pages={2021--2031},
  year={2020}
}

@inproceedings{CPH20c,
  title={{Approximate Weighted $CR$-Coded Matrix Multiplication}},
  author={Charalambides, Neophytos and Pilanci, Mert and Hero, Alfred O},
  booktitle={ICASSP 2021-2021 IEEE International Conference on Acoustics, Speech and Signal Processing (ICASSP)},
  pages={5095--5099},
  year={2021},
  organization={IEEE}
}

@article{OUG20,
  title={Coded Distributed Computing with Partial Recovery},
  author={Ozfatura, Emre and Ulukus, Sennur and Gunduz, Deniz},
  journal={arXiv preprint arXiv:2007.02191},
  year={2020}
}

@article{OBGU20,
  title={Age-Based Coded Computation for Bias Reduction in Distributed Learning},
  author={Ozfatura, Emre and Buyukates, Baturalp and Gunduz, Deniz and Ulukus, Sennur},
  journal={arXiv preprint arXiv:2006.01816},
  year={2020}
}

@article{Wan15,
  title={A practical guide to randomized matrix computations with MATLAB implementations},
  author={Wang, Shusen},
  journal={arXiv preprint arXiv:1505.07570},
  year={2015}
}

@book{Vem05,
  title={{The Random Projection Method}},
  author={Vempala, Santosh S},
  volume={65},
  year={2005},
  publisher={American Mathematical Soc.}
}

@article{DM16,
  title={{RandNLA: Randomized Numerical Linear Algebra}},
  author={Drineas, Petros and Mahoney, Michael W},
  journal={Communications of the ACM},
  volume={59},
  number={6},
  pages={80--90},
  year={2016},
  publisher={ACM New York, NY, USA}
}

@article{PW16,
  title={{Iterative Hessian sketch: Fast and accurate solution approximation for constrained least-squares}},
  author={Pilanci, Mert and Wainwright, Martin J},
  journal={The Journal of Machine Learning Research},
  volume={17},
  number={1},
  pages={1842--1879},
  year={2016},
  publisher={JMLR. org}
}

@article{LLDP20,
  title={{Optimal iterative sketching methods with the subsampled randomized Hadamard transform}},
  author={Lacotte, Jonathan and Liu, Sifan and Dobriban, Edgar and Pilanci, Mert},
  journal={Advances in Neural Information Processing Systems},
  volume={33},
  year={2020}
}

@article{BP20,
  title={Distributed sketching methods for privacy preserving regression},
  author={Bartan, Burak and Pilanci, Mert},
  journal={arXiv preprint arXiv:2002.06538},
  year={2020}
}

@inproceedings{ZWL08,
 author = {Zhou, Shuheng and Wasserman, Larry and Lafferty, John},
 booktitle = {Advances in Neural Information Processing Systems},
 title = {{Compressed Regression}},
 volume = {20},
 year = {2008}
}

@INPROCEEDINGS{KSD17,
  author={Karakus, Can and Sun, Yifan and Diggavi, Suhas},
  booktitle={2017 IEEE International Symposium on Information Theory (ISIT)}, 
  title={Encoded distributed optimization}, 
  year={2017},
  volume={},
  number={},
  pages={2890-2894},
  doi={10.1109/ISIT.2017.8007058}}

@inproceedings{SKD18,
  title={{Privacy-Utility Trade-off of Linear Regression under Random Projections and Additive Noise}},
  author={Showkatbakhsh, Mehrdad and Karakus, Can and Diggavi, Suhas},
  booktitle={2018 IEEE International Symposium on Information Theory (ISIT)},
  pages={186--190},
  year={2018},
  organization={IEEE}
}

@article{KSDY19,
  author  = {Can Karakus and Yifan Sun and Suhas Diggavi and Wotao Yin},
  title   = {{Redundancy Techniques for Straggler Mitigation in Distributed Optimization and Learning}},
  journal = {Journal of Machine Learning Research},
  year    = {2019},
  volume  = {20},
  number  = {72},
  pages   = {1-47},
  url     = {http://jmlr.org/papers/v20/18-148.html}
}

@article{LA20,
  title={Coded computing},
  author={Li, Songze and Avestimehr, Salman},
  journal={Foundations and Trends{\textregistered} in Communications and Information Theory},
  volume={17},
  number={1},
  year={2020}
}

@article{CMH21,
  title={{Numerically Stable Binary Coded Computations}},
  author={Charalambides, Neophytos and Mahdavifar, Hessam and Hero III, Alfred O},
  journal={arXiv preprint arXiv:2109.10484},
  year={2021}
}

@inproceedings{OJXE18,
  title={Block CUR: Decomposing Matrices Using Groups of Columns},
  author={Oswal, Urvashi and Jain, Swayambhoo and Xu, Kevin S and Eriksson, Brian},
  booktitle={Joint European Conference on Machine Learning and Knowledge Discovery in Databases},
  pages={360--376},
  year={2018},
  organization={Springer}
}

@article{SGAM19,
  title={{CodedPrivateML: A Fast and Privacy-Preserving Framework for Distributed Machine Learning}},
  author={So, Jinhyun and Guler, Basak and Avestimehr, A Salman and Mohassel, Payman},
  journal={arXiv preprint arXiv:1902.00641},
  year={2019}
}

@phdthesis{Gen09,
  title={{A Fully Homomorphic Encryption Scheme}},
  author={Gentry, Craig},
  year={2009},
  school={PhD thesis. Stanford University}
}

@inproceedings{Gen09a,
  title={{Fully Homomorphic Encryption Using Ideal Lattices}},
  author={Gentry, Craig},
  booktitle={Proceedings of the forty-first annual ACM symposium on Theory of computing},
  pages={169--178},
  year={2009}
}

@article{Str69,
  title={Gaussian elimination is not optimal},
  author={Strassen, Volker},
  journal={Numerische mathematik},
  volume={13},
  number={4},
  pages={354--356},
  year={1969}
}

@inproceedings{AV21,
  title={A refined laser method and faster matrix multiplication},
  author={Alman, Josh and Williams, Virginia Vassilevska},
  booktitle={Proceedings of the 2021 ACM-SIAM Symposium on Discrete Algorithms (SODA)},
  pages={522--539},
  year={2021},
  organization={SIAM}
}

@ARTICLE{CT22,
  author={Cao, Hankun and Yan, Qifa and Tang, Xiaohu and Han, Guojun},
  journal={IEEE/ACM Transactions on Networking}, 
  title={{Adaptive Gradient Coding}}, 
  year={2022},
  volume={30},
  number={2},
  pages={717-734},
  doi={10.1109/TNET.2021.3122873}
}

@book{Mur12,
  title={{Machine Learning: A Probabilistic Perspective}},
  author={Murphy, Kevin P},
  year={2012},
  publisher = {MIT Press}
}

@article{Syl1867,
author = {J.J. Sylvester},
title = {{LX. Thoughts on inverse orthogonal matrices, simultaneous signsuccessions, and tessellated pavements in two or more colours, with applications to Newton's rule, ornamental tile-work, and the theory of numbers}},
journal = {The London, Edinburgh, and Dublin Philosophical Magazine and Journal of Science},
volume = {34},
number = {232},
pages = {461-475},
year  = {1867},
publisher = {Taylor & Francis},
doi = {10.1080/14786446708639914},

URL = { 
        https://doi.org/10.1080/14786446708639914
    
},
eprint = { 
        https://doi.org/10.1080/14786446708639914
}
}

@article{DGSX12,
  title={{Optimal Distributed Online Prediction Using Mini-Batches}},
  author={Dekel, Ofer and Gilad-Bachrach, Ran and Shamir, Ohad and Xiao, Lin},
  journal={Journal of Machine Learning Research},
  volume={13},
  number={1},
  year={2012}
}

@article{Bub15,
url = {http://dx.doi.org/10.1561/2200000050},
year = {2015},
volume = {8},
journal = {Foundations and Trends® in Machine Learning},
title = {{Convex Optimization: Algorithms and Complexity}},
doi = {10.1561/2200000050},
issn = {1935-8237},
number = {3-4},
pages = {231-357},
author = {Sébastien Bubeck}
}

@article{JHD21,
  title={{Monte Carlo simulation on the Stiefel manifold via polar expansion}},
  author={Jauch, Michael and Hoff, Peter D and Dunson, David B},
  journal={Journal of Computational and Graphical Statistics},
  volume={30},
  number={3},
  pages={622--631},
  year={2021},
  publisher={Taylor \& Francis}
}

@ARTICLE{SH22,
  author={Sakorikar, Animesh and Wang, Lele},
  journal={IEEE Journal on Selected Areas in Information Theory}, 
  title={{Soft BIBD and Product Gradient Codes}}, 
  year={2022},
  volume={3},
  number={2},
  pages={229-240},
  doi={10.1109/JSAIT.2022.3182943}
}

@inproceedings{GKCMR20,
  title={{OverSketched Newton: Fast Convex Optimization for Serverless Systems}},
  author={Gupta, Vipul and Kadhe, Swanand and Courtade, Thomas and Mahoney, Michael W and Ramchandran, Kannan},
  booktitle={2020 IEEE International Conference on Big Data (Big Data)},
  pages={288--297},
  year={2020},
  organization={IEEE}
}

@article{Osg09,
  title={{The Fourier Transform and its Applications}},
  author={Osgood, Brad},
  journal={Stanford University, Lecture Notes},
  year={2009}
}

@INPROCEEDINGS{CMPH22,
  author={Charalambides, Neophytos and Mahdavifar, Hessam and Pilanci, Mert and Hero, Alfred O.},
  booktitle={2022 IEEE International Symposium on Information Theory (ISIT)}, 
  title={{Orthonormal Sketches for Secure Coded Regression}}, 
  year={2022},
  volume={},
  number={},
  pages={826-831},
  doi={10.1109/ISIT50566.2022.9834356}}

@inproceedings{CT19,
  title={{Random Sampling for Distributed Coded Matrix Multiplication}},
  author={Chang, Wei-Ting and Tandon, Ravi},
  booktitle={ICASSP 2019-2019 IEEE International Conference on Acoustics, Speech and Signal Processing (ICASSP)},
  pages={8187--8191},
  year={2019},
  organization={IEEE}
}

@inproceedings{SSSS17,
  title={{Membership Inference Attacks Against Machine Learning Models}},
  author={Shokri, Reza and Stronati, Marco and Song, Congzheng and Shmatikov, Vitaly},
  booktitle={2017 IEEE symposium on security and privacy (SP)},
  pages={3--18},
  year={2017},
  organization={IEEE}
}

@inproceedings{FJR15,
  title={{Model Inversion Attacks that Exploit Confidence Information and Basic Countermeasures}},
  author={Fredrikson, Matt and Jha, Somesh and Ristenpart, Thomas},
  booktitle={Proceedings of the 22nd ACM SIGSAC conference on computer and communications security},
  pages={1322--1333},
  year={2015}
}

@INPROCEEDINGS{RCHV23,
  author={Rudow, Michael and Charalambides, Neophytos and Hero III, Alfred O. and Rashmi, K.V.},
  booktitle={IEEE International Symposium on Information Theory (ISIT)}, 
  title={{Compression-Informed Coded Computing}}, 
  year={2023},
  volume={},
  number={},
  pages={2177-2182},
  doi={}
}

@INPROCEEDINGS{LSM23,
  author={Liu, Hsuan-Po and Soleymani, Mahdi and Mahdavifar, Hessam},
  booktitle={IEEE International Symposium on Information Theory (ISIT)}, 
  title={{Differentially Private Coded Computing}}, 
  year={2023},
  volume={},
  number={},
  pages={2189-2194},
  doi={}
}

@article{BGV14,
  title={{(Leveled) Fully Homomorphic Encryption without Bootstrapping}},
  author={Brakerski, Zvika and Gentry, Craig and Vaikuntanathan, Vinod},
  journal={ACM Transactions on Computation Theory (TOCT)},
  volume={6},
  number={3},
  pages={1--36},
  year={2014},
  publisher={ACM New York, NY, USA}
}

@article{Tro11,
  title={{Improved analysis of the subsampled randomized Hadamard transform}},
  author={Tropp, Joel A},
  journal={Advances in Adaptive Data Analysis},
  volume={3},
  number={01n02},
  pages={115--126},
  year={2011},
  publisher={World Scientific}
}

@article{BG13,
  title={{Improved matrix algorithms via the Subsampled Randomized Hadamard Transform}},
  author={Boutsidis, Christos and Gittens, Alex},
  journal={SIAM Journal on Matrix Analysis and Applications},
  volume={34},
  number={3},
  pages={1301--1340},
  year={2013},
  publisher={SIAM}
}

@article{CPH23,
  title={{Federated Coded Matrix Inversion}},
  author={Charalambides, Neophytos and Pilanci, Mert and Hero III, Alfred O.},
  journal={arXiv preprint arXiv:2301.03539},
  year={2023}
}

@ARTICLE{BP23,
  author={Bartan, Burak and Pilanci, Mert},
  journal={IEEE Transactions on Information Theory}, 
  title={Distributed Sketching for Randomized Optimization: Exact Characterization, Concentration, and Lower Bounds}, 
  year={2023},
  volume={69},
  number={6},
  pages={3850-3879},
  doi={10.1109/TIT.2023.3247559}
}

@article{ERNM22,
  author  = {Ali Eshragh and Fred Roosta and Asef Nazari and Michael W. Mahoney},
  title   = {{LSAR: Efficient Leverage Score Sampling Algorithm for the Analysis of Big Time Series Data}},
  journal = {Journal of Machine Learning Research},
  year    = {2022},
  volume  = {23},
  number  = {22},
  pages   = {1--36},
  url     = {http://jmlr.org/papers/v23/20-247.html}
}

@book{Yas12,
  title={Statistics on Special Manifolds},
  author={Chikuse, Yasuko},
  isbn={9780387215402},
  series={Lecture Notes in Statistics},
  url={https://books.google.com.cy/books?id=7lX1BwAAQBAJ},
  year={2012},
  publisher={Springer New York}
}

@article{CPH23b,
  title={{Gradient Coding through Iterative Block Leverage Score Sampling}},
  author={Charalambides, Neophytos and Pilanci, Mert and Hero III, Alfred O.},
  journal={arXiv preprint arXiv:2308.03096},
  year={2023}
}
