@article{Appuswamy,
  title={A new framework for constructing mutually orthogonal complementary sets and ZCZ sequences},
  author={Appuswamy, Rathinakumar and Chaturvedi, Ajit Kumar},
  journal={IEEE Transactions on Information theory},
  volume={52},
  number={8},
  pages={3817--3826},
  year={2006},
  publisher={IEEE}
}

@article{Ding,
  title={Highly nonlinear mappings},
  author={Carlet, Claude and Ding, Cunsheng},
  journal={Journal of complexity},
  volume={20},
  number={2},
  pages={205--244},
  year={2004},
  publisher={Orlando, FL: Academic Press,[c1985-}
}

@article{Chu,
  title={Polyphase codes with good periodic correlation properties (corresp.)},
  author={Chu, David},
  journal={IEEE Transactions on information theory},
  volume={18},
  number={4},
  pages={531--532},
  year={1972},
  publisher={IEEE}
}

@ARTICLE{Carlet,
author={C. {Carlet} and {Cunsheng Ding} and {Jin Yuan}},
journal={IEEE Transactions on Information Theory},
title={Linear codes from perfect nonlinear mappings and their secret sharing schemes},
year={2005},
volume={51},
number={6},
pages={2089-2102},
keywords={error correction codes;cryptography;linear codes;Galois fields;error-correcting code;nonlinear mapping;secret sharing scheme;minimal-access set;access structure;cryptography;linear code;planar function;Cryptography;Linear code;Error correction codes;Information rates;Councils;Computer science;Authentication;Cryptography;linear codes;perfect nonlinear functions;planar functions;secret sharing schemes},
doi={10.1109/TIT.2005.847722},
ISSN={1557-9654},
month={June},}

@phdthesis{Dillon,
  title={Elementary Hadamard difference sets},
  author={Dillon, John F},
  year={1974}
}

@article{DF2000,
  title={Spreading sequence sets with zero correlation zone},
  author={Deng, Xinmin and Fan, Pingzhi},
  journal={Electronics Letters},
  volume={36},
  number={11},
  pages={1},
  year={2000},
  publisher={The Institution of Engineering \& Technology}
}

@article{Fan2000,
  title={Generalized orthogonal sequences and their applications in synchronous CDMA systems},
  author={Fan, Pingzhi and Hao, Li},
  journal={IEICE Transactions on Fundamentals of Electronics, Communications and Computer Sciences},
  volume={83},
  number={11},
  pages={2054--2069},
  year={2000},
  publisher={The Institute of Electronics, Information and Communication Engineers}
}

@article{Fan2004,
  title={Spreading sequence design and theoretical limits for quasisynchronous CDMA systems},
  author={Fan, Pingzhi},
  journal={EURASIP Journal on Wireless Communications and Networking},
  volume={2004},
  number={1},
  pages={19--31},
  year={2004},
  publisher={Hindawi Publishing Corp.}
}

@article{Frank,
  title={Phase shift pulse codes with good periodic correlation properties},
  author={Frank, Robert L and Zadoff, S},
  journal={IRE Trans. Inform. Theory},
  volume={8},
  number={6},
  pages={381--382},
  year={1962}
}

@inproceedings{Gong07,
  title={Constructions of multiple shift-distinct signal sets with low correlation},
  author={Gong, Guang},
  booktitle={Information Theory, 2007. ISIT 2007. IEEE International Symposium on},
  pages={2306--2310},
  year={2007},
  organization={IEEE}
}

@book{Golomb,
  title={Signal Designs With Good Correlation: For Wireless Communications, Cryptography and Radar Applications},
  author={Golomb, Solomon W and Gong, Guang},
  year={2005},
  publisher={Cambridge University Press}
}

@article{Heimiller,
  title={Phase shift pulse codes with good periodic correlation properties},
  author={Heimiller, R},
  journal={IRE Transactions on Information Theory},
  volume={7},
  number={4},
  pages={254--257},
  year={1961},
  publisher={IEEE}
}

@article{Kumar,
  title={Generalized bent functions and their properties},
  author={Kumar, P Vijay and Scholtz, Robert A and Welch, Lloyd R},
  journal={Journal of Combinatorial Theory, Series A},
  volume={40},
  number={1},
  pages={90--107},
  year={1985},
  publisher={Elsevier}
}

@article{LiJ,
  title={A generic construction of generalized chirp-like sequence sets with optimal zero correlation property},
  author={Li, Jie and Fan, Jia and Tang, Xiaohu},
  journal={IEEE Communications Letters},
  volume={17},
  number={3},
  pages={549--552},
  year={2013},
  publisher={IEEE}
}

@article{Liu,
  title={New constructions of zero-correlation zone sequences},
  author={Liu, Yen-Cheng and Chen, Ching-Wei and Su, Yu T},
  journal={IEEE Transactions on Information Theory},
  volume={59},
  number={8},
  pages={4994--5007},
  year={2013},
  publisher={IEEE}
}

@article{liutao,
  title={Constructions of Zero Correlation Zone Sequence Sets with Low Cross-Correlation Property},
  author={Liu, Tao and Xu, Chengqian and Li, Yubo},
  journal={IEICE Transactions on Fundamentals of Electronics, Communications and Computer Sciences},
  volume={100},
  number={7},
  pages={1583--1587},
  year={2017},
  publisher={The Institute of Electronics, Information and Communication Engineers}
}

@article{chirp-like,
  title={Generalized chirp-like sequences with zero correlation zone},
  author={Popovic, Branislav M and Mauritz, Oskar},
  journal={IEEE Transactions on Information Theory},
  volume={56},
  number={6},
  pages={2957--2960},
  year={2010},
  publisher={IEEE}
}

@article{Rothaus1,
  title={On bent functions},
  author={Rothaus, Oscar S},
  journal={Journal of Combinatorial Theory, Series A},
  volume={20},
  number={3},
  pages={300--305},
  year={1976},
  publisher={Elsevier}
}

@article{Tang2000,
  title={Lower bounds on correlation of spreading sequence set with low or zero correlation zone},
  author={Tang, Xiao Hu and Fan, Ping Zhi and Matsufuji, Shinya},
  journal={Electronics Letters},
  volume={36},
  number={6},
  pages={551--552},
  year={2000},
  publisher={IET}
}

@article{Tang2006,
  title={Design of spreading codes for quasi-synchronous CDMA with intercell interference},
  author={Tang, Xiaohu and Mow, Wai Ho},
  journal={IEEE Journal on Selected Areas in Communications},
  volume={24},
  number={1},
  pages={84--93},
  year={2006},
  publisher={IEEE}
}




@article{Torii,
	title="A new class of zero-correlation zone sequences",
	author="Hideyuki {Torii} and Makoto {Nakamura} and Naoki {Suehiro}",
	journal="IEEE Transactions on Information Theory",
	volume="50",
	number="3",
	pages="559--565",
	year="2004"
}

@article{zhou2008new,
	title="A New Class of Sequences With Zero or Low Correlation Zone Based on Interleaving Technique",
	author="Zhengchun {Zhou} and Xiaohu {Tang} and Guang {Gong}",
	journal="IEEE Transactions on Information Theory",
	volume="54",
	number="9",
	pages="4267--4273",
	year="2008"
}

@article{Kumar00,
	title="Quasi-orthogonal sequences for code-division multiple-access systems",
	author="Kyeongcheol {Yang} and Young-Ky {Kim} and P. Vijay {Kumar}",
	journal="IEEE Transactions on Information Theory",
	volume="46",
	number="3",
	pages="982--993",
	year="2000"
}

@article{Tang2010,
	title="Multiple Binary ZCZ Sequence Sets With Good Cross-Correlation Property Based on Complementary Sequence Sets",
	author="Xiaohu {Tang} and Pingzhi {Fan} and JÃŒrgen {Lindner}",
	journal="IEEE Transactions on Information Theory",
	volume="56",
	number="8",
	pages="4038--4045",
	year="2010"
}

@article{Tokareva,
	title="Generalizations of Bent Functions. A Survey",
	author="Natalia N. {Tokareva}",
	journal="Journal of Applied and Industrial Mathematics",
	volume="5",
	number="1",
	pages="110--129",
	year="2011"
}

@inproceedings{Mow,
	title="A new unified construction of perfect root-of-unity sequences",
	author="Wai Ho {Mow}",
	booktitle="Proceedings of ISSSTA'95 International Symposium on Spread Spectrum Techniques and Applications",
	volume="3",
	pages="955--959",
	year="1996"
}

@article{Torii2012,
	title="A New Method for Constructing Asymmetric ZCZ Sequence Sets",
	author="Hideyuki {Torii} and Takahiro {Matsumoto} and Makoto {Nakamura}",
	journal="IEICE Transactions on Fundamentals of Electronics, Communications and Computer Sciences",
	volume="95",
	number="9",
	pages="1577--1586",
	year="2012"
}

@article{dan,
	title="A Construction of Multiple Optimal ZCZ Sequence Sets With Good Cross Correlation",
	author="Zhengchun {Zhou} and Dan {Zhang} and Tor {Helleseth} and Jinming {Wen}",
	journal="IEEE Transactions on Information Theory",
	volume="64",
	number="2",
	pages="1340--1346",
	year="2018"
}

@article{YangNo08,
	title="Multicode MIMO Systems With Quaternary LCZ and ZCZ Sequences",
	author="Jae-Dong {Yang} and Xianglan {Jin} and Kyoung-Young {Song} and Jong-Seon {No} and Dong-Joon {Shin}",
	journal="IEEE Transactions on Vehicular Technology",
	volume="57",
	number="4",
	pages="2334--2341",
	year="2008"
}

@article{wang,
	title="Asymmetric ZCZ Sequence Sets with Inter-Subset Uncorrelated Sequences via Interleaved Technique",
	author="Longye {Wang} and Xiaoli {Zeng} and Hong {Wen}",
	journal="IEICE Transactions on Fundamentals of Electronics, Communications and Computer Sciences",
	number="2",
	pages="751--756",
	year="2017"
}

@ARTICLE{Hu,
author={H. {Hu} and G. {Gong}},
journal={IEEE Transactions on Information Theory},
title={New Sets of Zero or Low Correlation Zone Sequences via Interleaving Techniques},
year={2010},
volume={56},
number={4},
pages={1702-1713},

month={April},}

@article{ToriiMM2013,
author = {Torii, Hideyuki and Matsumoto, Takahiro and Nakamura, Makoto},
year = {2013},
month = {11},
pages = {2244-2252},
title = {Extension of Methods for Constructing Polyphase Asymmetric ZCZ Sequence Sets},
volume = {E96.A},
journal = {IEICE Transactions on Fundamentals of Electronics, Communications and Computer Sciences},
doi = {10.1587/transfun.E96.A.2244}
}

@INPROCEEDINGS{Hayashi2011,
author={T. {Hayashi} and T. {Maeda} and S. {Kanemoto} and S. {Matsufuji}},
booktitle={Proceedings of the Fifth International Workshop on Signal Design and Its Applications in Communications},
title={A novel construction of zero-correlation zone sequence set with wide inter-subset zero-correlation zone},
year={2011},
volume={},
number={},
pages={25-28},
ISSN={2150-3699},
month={Oct},}

@article{ToriiMM2012,
  title={Optimal Polyphase Asymmetric ZCZ Sequence Sets Including Uncorrelated Sequences},
  author={Hideyuki Torii and Takahiro Matsumoto and Makoto Nakamura},
  journal={Journal of Signal Processing},
  volume={16},
  number={6},
  pages={487-494},
  year={2012},
  doi={10.2299/jsp.16.487}
}

@INPROCEEDINGS{Brodzik,
author={A. K. {Brodzik}},
booktitle={2012 IEEE International Symposium on Information Theory Proceedings},
title={New polyphase sequence sets with all-zero cross-correlation},
year={2012},
volume={},
number={},
pages={1421-1424},
ISSN={2157-8095},
month={July},}

@ARTICLE{Chung,
author={H. {Chung} and P. V. {Kumar}},
journal={IEEE Transactions on Information Theory},
title={A new general construction for generalized bent functions},
year={1989},
volume={35},
number={1},
pages={206-209},
ISSN={1557-9654},
month={Jan},}

@ARTICLE{Hayashi,
author={T. {Hayashi}},
journal={IEEE Signal Processing Letters},
title={A Class of Zero-Correlation Zone Sequence Set Using a Perfect Sequence},
year={2009},
volume={16},
number={4},
pages={331-334},

ISSN={1558-2361},
month={April},}

@InProceedings{Nyberg,
author="Nyberg, Kaisa",
editor="Helleseth, Tor",
title="Differentially uniform mappings for cryptography",
booktitle="Advances in Cryptology --- EUROCRYPT '93",
year="1994",
publisher="Springer Berlin Heidelberg",
address="Berlin, Heidelberg",
pages="55--64",

}


@article{Matsufuji,
author = {Matsufuji, Shinya and Kuroyanagi, N and Suehiro, N and Fan, Pingzhi},
year = {2003},
month = {01},
pages = {229-234},
title = {Two types of polyphase sequence sets for approximately synchronized CDMA systems},
volume = {E86A},
journal = {IEICE Transactions on Fundamentals of Electronics Communications and Computer Sciences}
}

@ARTICLE{Milewski,
author={A. {Milewski}},
journal={IBM Journal of Research and Development},
title={Periodic Sequences with Optimal Properties for Channel Estimation and Fast Start-Up Equalization},
year={1983},
volume={27},
number={5},
pages={426-431},
keywords={},
doi={10.1147/rd.275.0426},
ISSN={0018-8646},
month={Sep.},}

@ARTICLE{Park,
author={ {Seong Ill Park} and {So Ryoung Park} and {Iickho Song} and N. {Suehiro}},
journal={IEEE Transactions on Information Theory},
title={Multiple-access interference reduction for QS-CDMA systems with a novel class of polyphase sequences},
year={2000},
volume={46},
number={4},
pages={1448-1458},
ISSN={1557-9654},
month={July},}

@ARTICLE{Popovic2,
author={B. M. {Popovi\'{c}}},
journal={IEEE Transactions on Information Theory},
title={Generalized chirp-like polyphase sequences with optimum correlation properties},
year={1992},
volume={38},
number={4},
pages={1406-1409},
keywords={codes;correlation theory;polyphase sequences;optimum correlation properties;ideal periodic autocorrelation function;generalized chirp-like sequences;optimum crosscorrelation function;P4 codes;Chirp;Autocorrelation;Spread spectrum radar;Modular construction;Pulse compression methods},
doi={10.1109/18.144727},
ISSN={1557-9654},
month={July},}

@ARTICLE{popovic,
author={B. M. {Popović}},
journal={IEEE Transactions on Information Theory},
title={Optimum Sets of Interference-Free Sequences With Zero Autocorrelation Zones},
year={2018},
volume={64},
number={4},
pages={2876-2882},
ISSN={1557-9654},
month={April},}

@ARTICLE{Tang2008,
author={X. {Tang} and W. H. {Mow}},
journal={IEEE Transactions on Information Theory},
title={A New Systematic Construction of Zero Correlation Zone Sequences Based on Interleaved Perfect Sequences},
year={2008},
volume={54},
number={12},
pages={5729-5734},
ISSN={1557-9654},
month={Dec},}

@ARTICLE{Tsai,
author={ {Lung-Sheng Tsai} and Y. T. {Su}},
journal={IEEE Journal on Selected Areas in Communications},
title={Transform domain approach for sequence design and its applications},
year={2006},
volume={24},
number={1},
pages={75-83},
ISSN={1558-0008},
month={Jan},}





@ARTICLE{Alltop,
author={W. {Alltop}},
journal={IEEE Transactions on Information Theory},
title={Complex sequences with low periodic correlations (Corresp.)},
year={1980},
volume={26},
number={3},
pages={350-354},
keywords={Coding;Correlation functions},
doi={10.1109/TIT.1980.1056185},
ISSN={1557-9654},
month={May},}

@ARTICLE{Alltop1,
author={W. {Alltop}},
journal={IEEE Transactions on Communications},
title={Decimations of the Frank-Heimiller Sequences},
year={1984},
volume={32},
number={7},
pages={851-853},
keywords={DFT;Discrete Fourier transforms (DFT's);Sequences;Autocorrelation;Binary sequences;Writing;Discrete Fourier transforms;Spread spectrum radar;Signal design;Phase modulation;Resists;Jamming;Gold},
doi={10.1109/TCOM.1984.1096142},
ISSN={1558-0857},
month={July},}

@misc{Fan1996,
series = {Electronic \& electrical engineering research studies, Communications systems, techniques and applications series},
volume = {1},
publisher = {Research Studies Press},
isbn = {086380201X},
year = {1996},
title = {Sequence design for communications applications},
language = {eng},
address = {Taunton},
author = {Fan, Pingzhi},
keywords = {Digital telekommunikasjon},
}

@ARTICLE{Sarwate,
author={D. {Sarwate}},
journal={IEEE Transactions on Information Theory},
title={Bounds on crosscorrelation and autocorrelation of sequences (Corresp.)},
year={1979},
volume={25},
number={6},
pages={720-724},
keywords={Correlation functions;Sequences},
doi={10.1109/TIT.1979.1056116},
ISSN={1557-9654},
month={November},}

@ARTICLE{Welch,
author={L. {Welch}},
journal={IEEE Transactions on Information Theory},
title={Lower bounds on the maximum cross correlation of signals (Corresp.)},
year={1974},
volume={20},
number={3},
pages={397-399},
keywords={Correlation functions;Signal design},
doi={10.1109/TIT.1974.1055219},
ISSN={1557-9654},
month={May},}

@ARTICLE{Suehiro,
author={N. {Suehiro} and M. {Hatori}},
journal={IEEE Transactions on Information Theory},
title={Modulatable orthogonal sequences and their application to SSMA systems},
year={1988},
volume={34},
number={1},
pages={93-100},
keywords={binary sequences;multi-access systems;spread spectrum communication;asynchronous system;synchronous system;SSMA systems;orthogonal sequences;modulated sequence;cross-correlation function;spread-spectrum multiple-access;cochannel interference;Interchannel interference;Autocorrelation;Spread spectrum communication;Binary sequences;Information theory;Information technology},
doi={10.1109/18.2605},
ISSN={1557-9654},
month={Jan},}

@ARTICLE{KPark,
author={K. {Park} and H. {Song} and D. S. {Kim} and S. W. {Golomb}},
journal={IEEE Transactions on Information Theory},
title={Optimal Families of Perfect Polyphase Sequences From the Array Structure of Fermat-Quotient Sequences},
year={2016},
volume={62},
number={2},
pages={1076-1086},
keywords={correlation methods;number theory;sequences;perfect polyphase sequences;array structure;p-ary polyphase sequence;periodic autocorrelation;Fermat-quotient sequence;Sarwate bound;Frank-Zadoff sequences;optimal generator;optimal family;Generators;Correlation;Arrays;Periodic structures;Multiaccess communication;Spread spectrum communication;Indexes;Fermat-quotient sequences;Frank-Zadoff sequences;Perfect polyphase sequences;Generators of perfect sequences;Optimal family of perfect sequences;Fermat-quotient sequences;Frank-Zadoff sequences;perfect polyphase sequences;generators of perfect sequences;optimal family of perfect sequences},
doi={10.1109/TIT.2015.2511780},
ISSN={1557-9654},
month={Feb},}

@ARTICLE{MSong,
author={M. K. {Song} and H. {Song}},
journal={IEEE Transactions on Information Theory},
title={A Construction of Odd Length Generators for Optimal Families of Perfect Sequences},
year={2018},
volume={64},
number={4},
pages={2901-2909},
keywords={binary sequences;odd length generators;N-ary perfect sequences;positive odd integer;perfect generators;odd prime lengths;arbitrary length N;odd prime length optimal generators;optimal generator one;positive prime factor;inequivalent optimal generators;N-ary optimal families;Generators;Correlation;Indexes;Communication systems;Spread spectrum radar;Synchronization;Perfect polyphase sequences;optimal families of perfect sequences;perfect generators;optimal generators},
doi={10.1109/TIT.2018.2801796},
ISSN={1557-9654},
month={April},}

@article{HSong,
title = "The existence of circular Florentine arrays",
journal = "Computers \& Mathematics with Applications",
volume = "39",
number = "11",
pages = "31 - 35",
year = "2000",
issn = "0898-1221",

author = "Hong-Yeop Song",
}

@article{GolombT,
  title={Polygonal path constructions for Tuscan-k squares},
  author={Golomb, SW and Etzion, T and Taylor, H},
  journal={Ars Combinatoria},
  volume={30},
  pages={97--140},
  year={1990},
  publisher={Charles Babbage RES CTR PO BOX 272 st Norbert Postal Station, Winnipeg MB}
}

@article{schellenberg1978four,
  title={Four pairwise orthogonal Latin squares of order 15},
  author={Schellenberg, Paul J and Van Rees, GH John and Vanstone, Scott A},
  journal={Ars Combinatoria},
  volume={6},
  pages={141--150},
  year={1978},
  publisher={Department of Combinatorics and Optimization, University of Waterloo.}
}

@article{jungnickel1980difference,
  title={On difference matrices and regular Latin squares},
  author={Jungnickel, Dieter},
  year={1980}
}

@article{nazarok1991five,
  title={Five pairwise orthogonal Latin squares of order 21},
  author={Nazarok, AV},
  journal={Issled. oper. i ASU},
  volume={54},
  year={1991}
}

@article{HYSong,
  title={On aspects of Tuscan squres},
  author={H. Y. {Song}},
  journal={PhD thesis, University of Southern California},
  volume={},
  year={1991}
}

@book{Colbourn, 
 author = {Colbourn, Charles J. and Dinitz, Jeffrey H.}, title = {Handbook of Combinatorial Designs, Second Edition (Discrete Mathematics and Its Applications)}, year = {2006}, isbn = {1584885068}, publisher = {Chapman  Hall/CRC} 
}

@ARTICLE{danMT, 
author={ D.~{Zhang} and  M.G.~{Parker} and  T.~{Helleseth}}, 
journal={Cryptogr. Commun.}, 
title={Polyphase zero correlation zone sequences from generalised bent functions}, 
year={2020}, 
volume={12}, 
number={}, 
pages={325–335}, 
  
ISSN={1936-2455}, 
month={May},}


@INPROCEEDINGS{DanISIT, 
author={D. {Zhang}}, 
booktitle={2019 IEEE International Symposium on Information Theory (ISIT)}, 
title={Zero Correlation Zone Sequences from a Unified Construction of Perfect Polyphase Sequences}, 
year={2019}, 
volume={}, 
number={}, 
pages={2269-2273}, 
ISSN={2157-8095}, 
month={July}
}


@article{Beregpermucode,
author = {Bereg, Sergey and Morales, Linda and Sudborough, Ivan},
year = {2016},
month = {08},
pages = {},
title = {Extending permutation arrays: improving MOLS bounds},
journal = {Designs, Codes and Cryptography},
doi = {10.1007/s10623-016-0263-y}
}

@article{Chupermucode,
author = {Chu, Wensong and Colbourn, Charles and Dukes, Peter},
year = {2004},
month = {05},
pages = {51-64},
title = {Constructions for Permutation Codes in Powerline Communications},
volume = {32},
journal = {Des. Codes Cryptography},
doi = {10.1023/B:DESI.0000029212.52214.71}
}



@article{TAYLOR1991,
title = {Florentine rows or left-right shifted permutation matrices with cross-correlation values $\leq$ 1},
journal = {Discrete Mathematics},
volume = {93},
number = {2},
pages = {247-260},
year = {1991},
issn = {0012-365X},
doi = {https://doi.org/10.1016/0012-365X(91)90259-5},
author = {Herbert Taylor}
}

@ARTICLE{DanTIT22,
  author={Zhang, Dan and Helleseth, Tor},
  journal={IEEE Transactions on Information Theory}, 
  title={Sequences With Good Correlations Based on Circular Florentine Arrays}, 
  year={2022},
  volume={68},
  number={5},
  pages={3381-3388},
  doi={10.1109/TIT.2022.3147073}
  }

@ARTICLE{Gong02,
  author={Guang Gong},
  journal={IEEE Transactions on Information Theory}, 
  title={New designs for signal sets with low cross correlation, balance property, and large linear span: $GF(p)$ case}, 
  year={2002},
  volume={48},
  number={11},
  pages={2847-2867},
  doi={10.1109/TIT.2002.804044}}
  
  @INPROCEEDINGS{DanISIT2020,
  author={Zhang, Dan and Helleseth, Tor},
  booktitle={2020 IEEE International Symposium on Information Theory (ISIT)}, 
  title={New Optimal Sets of Perfect Polyphase Sequences Based on Circular Florentine Arrays}, 
  year={2020},
  volume={},
  number={},
  pages={2921-2925},
  doi={10.1109/ISIT44484.2020.9174001}}
  
  @ARTICLE{SSong22,
  author={Song, Min Kyu and Song, Hong-Yeop},
  journal={IEEE Transactions on Information Theory}, 
  title={New Framework for Sequences With Perfect Autocorrelation and Optimal Crosscorrelation}, 
  year={2021},
  volume={67},
  number={11},
  pages={7490-7500},
  doi={10.1109/TIT.2021.3107611}}
  
  @book{Golomb2005SignalDF,
 title={Signal Design for Good Correlation: for Wireless Communication, Cryptography, and Radar},
  author={S. Golomb and G. Gong},
  publisher={Cambridge University Press},
  year={2005}
}


@ARTICLE{HellesethKumar,
  author={T. {Helleseth} and P. V. {Kumar} },
  journal={In V. S. Pless and W. C. Huffman, editors, Handbook of Coding Theory, Vol. I, II, chapter 21}, 
  title={Sequences with Low Correlation}, 
  year={ 1998},
  pages={1765â€“1853},
}

@Inbook{Garg2009,
author={Garg, Gagan
and Helleseth, Tor
and Kumar, P. Vijay},
editor={Tarokh, Vahid},
title={Recent Advances in Low-Correlation Sequences},
bookTitle={New Directions in Wireless Communications Research},
year={2009},
publisher={Springer US},
address={Boston, MA},
pages={63--92},

isbn={978-1-4419-0673-1},

}


@ARTICLE{chirplike, 
author={B. M. {Popović}}, 
journal={IEEE Transactions on Information Theory}, 
title={Generalized chirp-like polyphase sequences with optimum correlation properties}, 
year={1992}, 
volume={38}, 
number={4}, 
pages={1406-1409}, 
keywords={codes;correlation theory;polyphase sequences;optimum correlation properties;ideal periodic autocorrelation function;generalized chirp-like sequences;optimum crosscorrelation function;P4 codes;Chirp;Autocorrelation;Spread spectrum radar;Modular construction;Pulse compression methods}, 
doi={10.1109/18.144727}, 
ISSN={1557-9654}, 
month={July},}

@INPROCEEDINGS{Gabidulin1993,
  author={E. M. {Gabidulin}},
  booktitle={Proceedings. IEEE International Symposium on Information Theory}, 
  title={Non-Binary Sequences with the Perfect Periodic Auto-Correlation and with Optimal Periodic Cross-Correlation}, 
  year={1993},
  volume={},
  number={},
  pages={412-412},
  doi={10.1109/ISIT.1993.748728}}