@misc{survey,
  title={Boolean Functions: Influence, threshold and noise},
  author={Gil Kalai},
  year={2017}
}

@INPROCEEDINGS{Ben-Or,
  author={Ben-Or, Michael and Linial, Nathan},
  booktitle={26th Annual Symposium on Foundations of Computer Science ({SFCS} 1985)}, 
  title={Collective coin flipping, robust voting schemes and minima of {B}anzhaf values}, 
  year={1985},
  volume={},
  number={},
  pages={408-416},
  doi={10.1109/SFCS.1985.15}}


@ARTICLE{minimal,
  author={Ding, Cunsheng and Heng, Ziling and Zhou, Zhengchun},
  journal={IEEE Transactions on Information Theory}, 
  title={Minimal Binary Linear Codes}, 
  year={2018},
  volume={64},
  number={10},
  pages={6536-6545},
  doi={10.1109/TIT.2018.2819196}}

 
 
 @article{shannon,
  added-at = {2021-09-19T18:40:37.000+0200},
  author = {Shannon, Claude Elwood},
  biburl = {https://www.bibsonomy.org/bibtex/29f88587b33c82f692b61d129eb2f2517/steschum},
  interhash = {754130207906fcec16a53d330eeff348},
  intrahash = {9f88587b33c82f692b61d129eb2f2517},
  journal = {The Bell System Technical Journal},
  keywords = {imported},
  pages = {379--423},
  timestamp = {2021-09-19T18:41:56.000+0200},
  title = {A Mathematical Theory of Communication},
  url = {http://plan9.bell-labs.com/cm/ms/what/shannonday/shannon1948.pdf},
  urldate = {2003-04-22},
  volume = 27,
  year = 1948
}

@ARTICLE{Kudekar_17,
  author={Kudekar, Shrinivas and Kumar, Santhosh and Mondelli, Marco and Pfister, Henry D. and Şaşoǧlu, Eren and Urbanke, Rüdiger L.},
  journal={IEEE Transactions on Information Theory}, 
  title={Reed–{M}uller Codes Achieve Capacity on Erasure Channels}, 
  year={2017},
  volume={63},
  number={7},
  pages={4298-4316},
  doi={10.1109/TIT.2017.2673829}}

@INPROCEEDINGS{Kumar_16,
  author={Kumar, Santhosh and Calderbank, Robert and Pfister, Henry D.},
  booktitle={2016 IEEE Information Theory Workshop (ITW)}, 
  title={Beyond double transitivity: Capacity-achieving cyclic codes on erasure channels}, 
  year={2016},
  volume={},
  number={},
  pages={241-245},
  doi={10.1109/ITW.2016.7606832}}
  
  @INPROCEEDINGS{KKL_88,
  author={Kahn, J. and Kalai, G. and Linial, N.},
  booktitle={[Proceedings 1988] 29th Annual Symposium on Foundations of Computer Science}, 
  title={The influence of variables on {B}oolean functions}, 
  year={1988},
  volume={},
  number={},
  pages={68-80},
  doi={10.1109/SFCS.1988.21923}}

 @misc{altunbulak2023binary,
      title={On the binary linear constant weight codes and their automorphism groups}, 
      author={Murat Altunbulak and Fatma Altunbulak Aksu},
      year={2023},
      eprint={2208.10267},
      archivePrefix={arXiv},
      primaryClass={cs.IT}
}

@ARTICLE{HH,
  author={Haily, A. and Harzalla, D.},
  journal={Intelligent Information Management}, 
  title={On the Automorphism Group of Distinct Weight Codes}, 
  year={2015},
  volume={7},
    pages={80-92},
  doi={10.4236/iim.2015.72008}}

  @ARTICLE{how_many,
  author={Shi, M. and Zhu, H. and Solé, P.},
  journal={Des. Codes Cryptogr.}, 
  title={How many weights can a linear code have?.}, 
  year={2019},
  volume={87},
  pages={87-95},
  doi={10.1007/s10623-018-0488-z}}
