@INPROCEEDINGS{g1,
  author={Bora, Amit Sravan and Phan, Khoa T. and Hong, Yi},
  booktitle={Proc. IEEE Int. Conf. Commun. Workshops}, 
  title={Spatially Correlated {MIMO-OTFS} for {LEO} Satellite Communication Systems},
  year={2022},
  month={May},
  address={Seoul, Korea},
  pages={723-728},
}
@ARTICLE{cfocompen,

  author={Wang, Wenjin and Tong, Yushan and Li, Lingxuan and Lu, An-An and You, Li and Gao, Xiqi},

  journal={IEEE Access}, 

  title={Near Optimal Timing and Frequency Offset Estimation for {5G} Integrated {LEO} Satellite Communication System}, 

  year={2019},

  volume={7},
  month={Aug.},

  number={},

  pages={113298-113310},

  doi={10.1109/ACCESS.2019.2935038}}


@ARTICLE{phase1,

  author={Wu, Sau-Hsuan and Mitra, Urbashi and Kuo, C.-C. Jay},

  journal={IEEE Trans. Signal Process.}, 

  title={Iterative Joint Channel Estimation and Multiuser Detection for {DS-CDMA} in Frequency-Selective Fading Channels}, 

  year={2008},
  month={July},

  volume={56},

  number={7},

  pages={3261-3277},

  doi={10.1109/TSP.2008.920146}}


@ARTICLE{Joint1,
  author={Jiang, Shuchao and Yuan, Xiaojun and Wang, Xin and Xu, Chongbin and Yu, Wei},
  journal={IEEE Trans. Wireless Commun.}, 
  title={Joint User Identification, Channel Estimation, and Signal Detection for Grant-Free {NOMA}}, 
  year={2020},
  month={Oct.},
  volume={19},
  number={10},
  pages={6960-6976},
  doi={10.1109/TWC.2020.3007545}}

@ARTICLE{Joint2,
  author={Huang, Jianhao and Zhang, Han and Huang, Chuan and Yang, Lian and Zhang, Wei},
  journal={IEEE J. Sel. Areas Commun.}, 
  title={Noncoherent Massive Random Access for Inhomogeneous Networks: From Message Passing to Deep Learning}, 
  year={2022},
  month={May},
  volume={40},
  number={5},
  pages={1457-1472},
  doi={10.1109/JSAC.2022.3143260}}


@ARTICLE{s1,

  author={Liu, Yushan and Zhang, Shun and Gao, Feifei and Ma, Jianpeng and Wang, Xianbin},

  journal={{IEEE} J. Sel. Areas Commun.}, 

  title={Uplink-Aided High Mobility Downlink Channel Estimation Over Massive {MIMO-OTFS} System}, 

  year={2020},


  volume={38},

  number={9},

  pages={1994-2009}, 
  
  month={June},
}

@ARTICLE{s2,

  author={Zhao, Lei and Gao, Wen-Jing and Guo, Wenbin},

  journal={{IEEE} Commun. Lett.}, 

  title={Sparse {Bayesian} Learning of Delay-{Doppler} Channel for {OTFS} System}, 

  year={2020},

  volume={24},

  number={12},

  pages={2766-2769},

  month={Sept.},
}

@ARTICLE{s3,

  author={Gao, Zhen and Zhang, Chao and Wang, Zhaocheng and Chen, Sheng},

  journal={{IEEE} Trans. Wireless Commun.}, 

  title={Priori-Information Aided Iterative Hard Threshold: A Low-Complexity High-Accuracy Compressive Sensing Based Channel Estimation for {TDS-OFDM}}, 

  year={2015},

  volume={14},

  number={1},

  pages={242-251},

  month={Jul.},
}

@ARTICLE{s4,

  author={Surabhi, G. D. and Augustine, Rose Mary and Chockalingam, Ananthanarayanan},

  journal={{IEEE} Commun. Lett.}, 

  title={Peak-to-Average Power Ratio of {OTFS} Modulation}, 

  year={2019},

  volume={23},

  number={6},

  pages={999-1002},
  
  month={Apr.},
}
@ARTICLE{f1,

  author={Wang, Wenjin and Tong, Yushan and Li, Lingxuan and Lu, An-An and You, Li and Gao, Xiqi},

  journal={IEEE Access}, 

  title={Near Optimal Timing and Frequency Offset Estimation for 5{G} Integrated {LEO} Satellite Communication System}, 

  year={2019},

  volume={7},

  number={},
  month={Aug.},

  pages={113298-113310},

  doi={10.1109/ACCESS.2019.2935038}}

@ARTICLE{3gpp,

  author={3rd Generation Partnership Project},

  journal={3GPP TR 38.811V15.1.0}, 

  title={3rd Generation Partnership Project; Technical Specification
	Group Radio Access Network; Solutions for {NR} to support nonterrestrial
	networks {(NTN)} ({R}elease 16)}, 

  year={2019},

  volume={},

  number={},
  month={June},

  pages={},

  doi={}}


@article{s5,
author = {Ronny Hadani and Anton Monk},
title = {{OTFS}: A New Generation of Modulation Addressing the Challenges of {5G}},
eid={arXiv:1802.02623},
eprint={arXiv:1802.02623},
year = {2018},
url={https://arxiv.org/abs/1802.02623.}
}

@ARTICLE{smm1,
  author={Shen, Boxiao and Wu, Yongpeng and An, Jianping and Xing, Chengwen and Zhao, Lian and Zhang, Wenjun},
  journal={IEEE J. Sel. Areas Commun.}, 
  title={Random Access With Massive {MIMO-OTFS} in {LEO} Satellite Communications},
  year={2022},
  month={Oct.},
  volume={40},
  number={10},
  pages={2865-2881},
  doi={10.1109/JSAC.2022.3196128}}

@ARTICLE{smm2,
  author={Zhou, Xingyu and Ying, Keke and Gao, Zhen and Wu, Yongpeng and Xiao, Zhenyu and Chatzinotas, Symeon and Yuan, Jinhong and Ottersten, Bj√∂rn},
  journal={IEEE Trans. Wireless Commun.}, 
  title={Active Terminal Identification, Channel Estimation, and Signal Detection for Grant-Free {NOMA-OTFS} in {LEO} Satellite {Internet-of-Things}}, 
  year={2022 (Early Access)},
  month={Oct.},
  volume={},
  number={},
  pages={1-1},
  doi={10.1109/TWC.2022.3214862}}

@ARTICLE{ss5,

  author={Chougrani, Houcine and Kisseleff, Steven and Martins, Wallace A. and Chatzinotas, Symeon},

  journal={IEEE Internet Things J.}, 

  title={{NB-IoT} Random Access for Nonterrestrial Networks: Preamble Detection and Uplink Synchronization}, 

  year={2022},
  month={Aug.},

  volume={9},

  number={16},

  pages={14913-14927},

  doi={10.1109/JIOT.2021.3123376}}

@ARTICLE{s6,

  author={Ding, Zhiguo and Schober, Robert and Fan, Pingzhi and Vincent Poor, H.},

  journal={{IEEE} Trans. Commun.}, 

  title={{OTFS-NOMA}: An Efficient Approach for Exploiting Heterogenous User Mobility Profiles}, 

  year={2019},

  volume={67},

  number={11},

  pages={7950-7965},

  month={Aug.},
}


@book{spacex,
    title={SpaceX Non-Geostationary Satellite System, Fed. Commun.
Commissions},
    author={},
    publisher={Washington, DC, USA},
    year={2016}
}

@book{wc,
    title={Wireless Communications Over Rapidly Time-Varying Channels},
    author={Franz Hlawatsch and Gerald Matz},
    publisher={Academic Press},
    year={2011}
}

@book{sd,
    title={An Introduction to Signal Detection and Estimation},
    author={H. Vincent Poor},
    publisher={Springer, New York, NY},
    year={1994}
}

@book{cg,
  title={Methods of conjugate gradients for solving linear systems},
  author={Hestenes, Magnus Rudolph and Stiefel, Eduard and others},
  volume={49},
  number={1},
  year={1952},
  publisher={NBS Washington, DC}
}

@article{math,
title = {An estimator for the diagonal of a matrix},
journal = {Appl. Numer. Math. },
volume = {57},
number = {11},
pages = {1214-1229},
month = {Dec.},
year = {2007},
issn = {0168-9274},
doi = {https://doi.org/10.1016/j.apnum.2007.01.003},
author = {C. Bekas and E. Kokiopoulou and Y. Saad},
}


@book{oneweb,
    title={OneWeb Non-Geostationary Satellite System, Fed. Commun.
Commissions},
    author={},
    publisher={Washington, DC, USA},
    year={2016}
}

@ARTICLE{s7,

  author={Ge, Yao and Deng, Qinwen and Ching, P. C. and Ding, Zhi},

  journal={{IEEE} Trans. Commun.}, 

  title={{OTFS} Signaling for Uplink {NOMA} of Heterogeneous Mobility Users}, 

  year={2021},

  volume={69},

  number={5},

  pages={3147-3161},

  month={Feb.},
}

@ARTICLE{s8,

  author={Sinha, Alok Kumar and Mohammed, Saif Khan and Raviteja, Patchava and Hong, Yi and Viterbo, Emanuele},

  journal={{IEEE} Trans. Veh. Technol.}, 

  title={{OTFS} Based Random Access Preamble Transmission for High Mobility Scenarios}, 

  year={2020},

  volume={69},

  number={12},

  pages={15078-15094},

  month={Oct.},
}

@INPROCEEDINGS{s9,

  author={Hadani, R. and Rakib, S. and Tsatsanis, M. and Monk, A. and Goldsmith, A. J. and Molisch, A. F. and Calderbank, R.},

  booktitle={Proc. IEEE Wireless Commun. Netw. Conf. (WCNC)}, 

  title={Orthogonal Time Frequency Space Modulation}, 
  address={San Francisco, CA, USA},

  year={2017},

  pages={1-6},

  month={May},
}

@ARTICLE{s10,

  author={Gaudio, Lorenzo and Kobayashi, Mari and Caire, Giuseppe and Colavolpe, Giulio},

  journal={{IEEE} Trans. Wireless Commun.}, 

  title={On the Effectiveness of {OTFS} for Joint Radar Parameter Estimation and Communication}, 

  year={2020},

  volume={19},

  number={9},

  pages={5951-5965},

  month={June},
}

@ARTICLE{s11,

  author={Surabhi, G. D. and Augustine, Rose Mary and Chockalingam, A.},

  journal={{IEEE} Trans. Wireless Commun.}, 

  title={On the Diversity of Uncoded {OTFS} Modulation in Doubly-Dispersive Channels}, 

  year={2019},

  volume={18},

  number={6},

  pages={3049-3063},

  month={Apr.},
}

@article{s12,
author = {Haoyan Liu and Yanming Liu and Min Yang and Qiongjie Zhang},
title = {On the Characterizations of {OTFS} Modulation over multipath Rapid Fading Channel},
eid={arXiv:2103.10199},
eprint={arXiv:2103.10199},
year = {2021},
url={https://arxiv.org/abs/2103.10199.}
}

@INPROCEEDINGS{s13,

  author={Gaudio, Lorenzo and Caire, Giuseppe and Colavolpe, Giulio},

  booktitle={Proc. IEEE Int. Conf. Commun. Workshops (ICC Workshops)}, 

  title={On Achievable Rate of {OFDM} and {OTFS| in the Presence of Sparsity}, 
  address={Montreal, QC, Canada},

  year={2021},

  pages={1-6},

  month={Jul.},
}

@INPROCEEDINGS{s14,

  author={Kollengode Ramachandran, M. and Chockalingam, A.},

  booktitle={Proc. IEEE Glob. Commun. Conf. (GLOBECOM)}, 

  title={{MIMO-OTFS} in High-{Doppler} Fading Channels: Signal Detection and Channel Estimation}, 

  year={2018},
  address={Abu Dhabi, United Arab Emirates},

  pages={206-212},

  month={Feb.},
}

@ARTICLE{s15,

  author={Qu, Huiyang and Liu, Guanghui and Zhang, Lei and Wen, Shan and Imran, Muhammad Ali},

  journal={{IEEE} Trans. Commun.}, 

  title={Low-Complexity Symbol Detection and Interference Cancellation for {OTFS} System}, 

  year={2021},

  volume={69},

  number={3},

  pages={1524-1537},

  month={Dec.},
}

@ARTICLE{s16,

  author={Som, Pritam and Datta, Tanumay and Srinidhi, N. and Chockalingam, A. and Rajan, B. Sundar},

  journal={IEEE J. Sel. Topics Signal Process.}, 

  title={Low-Complexity Detection in Large-Dimension {MIMO-ISI} Channels Using Graphical Models}, 

  year={2011},

  volume={5},

  number={8},

  pages={1497-1511},

  month={Sept.},
}

@ARTICLE{s17,

  author={Farhang, Arman and RezazadehReyhani, Ahmad and Doyle, Linda E. and Farhang-Boroujeny, Behrouz},

  journal={{IEEE} Wireless Commun. Lett.}, 

  title={Low Complexity Modem Structure for {OFDM}-Based Orthogonal Time Frequency Space Modulation}, 

  year={2018},

  volume={7},

  number={3},

  pages={344-347},

  month={Nov.},
}

@ARTICLE{s18,

  author={Raviteja, P. and Phan, Khoa T. and Hong, Yi and Viterbo, Emanuele},

  journal={{IEEE} Trans. Wireless Commun.}, 

  title={Interference Cancellation and Iterative Detection for Orthogonal Time Frequency Space Modulation}, 

  year={2018},

  volume={17},

  number={10},

  pages={6501-6515},

  month={Aug.},
}

@ARTICLE{s19,

  author={Raviteja, P. and Phan, Khoa T. and Hong, Yi},

  journal={{IEEE} Trans. Veh. Technol.}, 

  title={Embedded Pilot-Aided Channel Estimation for {OTFS} in Delay‚Äì{Doppler} Channels}, 

  year={2019},

  volume={68},

  number={5},

  pages={4906-4917},

  month={Mar.},
}

@ARTICLE{s20,

  author={Shi, Ding and Wang, Wenjin and You, Li and Song, Xiaohang and Hong, Yi and Gao, Xiqi and Fettweis, Gerhard},

  journal={{IEEE} Trans. Wireless Commun.}, 

  title={Deterministic Pilot Design and Channel Estimation for Downlink Massive {MIMO-OTFS} Systems in Presence of the Fractional {Doppler}}, 

  year={2021 (Early Access)},

  volume={},

  number={},

  pages={1-1},

  month={May},
}

@ARTICLE{s21,

  author={Mohammed, Saif Khan},

  journal={{IEEE} Trans. Veh. Technol.}, 

  title={Derivation of {OTFS} Modulation From First Principles}, 

  year={2021},

  volume={70},

  number={8},

  pages={7619-7636},

  month={Mar.},
}

@ARTICLE{s22,

  author={Shen, Wenqian and Dai, Linglong and An, Jianping and Fan, Pingzhi and Heath, Robert W.},

  journal={{IEEE} Trans. Signal Process.}, 

  title={Channel Estimation for Orthogonal Time Frequency Space {(OTFS)} Massive {MIMO}}, 

  year={2019},

  volume={67},

  number={16},

  pages={4204-4217},

  month={May},
}

@ARTICLE{s23,

  author={Li, Muye and Zhang, Shun and Gao, Feifei and Fan, Pingzhi and Dobre, Octavia A.},

  journal={{IEEE} J. Sel. Areas Commun.}, 

  title={A New Path Division Multiple Access for the Massive {MIMO-OTFS} Networks}, 

  year={2021},

  volume={39},

  number={4},

  pages={903-918},
 
  month={Aug.},
}
















@ARTICLE{s24,

  author={Michael E Tipping},

  journal={J. Mach. Learn. Res.}, 

  title={Sparse {Bayesian} Learning and the Relevance Vector Machine}, 

  year={2001},

  volume={1},

  number={},

  pages={211-244},
 
  month={June},
}

@ARTICLE{ss1,

  author={Hurtado, Martin and Muravchik, Carlos H. and Nehorai, Arye},

  journal={IEEE Trans. Signal Process.}, 

  title={Enhanced Sparse {Bayesian} Learning via Statistical Thresholding for Signals in Structured Noise}, 

  year={2013},
  month={Aug.},

  volume={61},

  number={21},

  pages={5430-5443},

  doi={10.1109/TSP.2013.2278811}}

@ARTICLE{ss2,

  author={Khanna, Saurabh and Murthy, Chandra R.},

  journal={IEEE Trans. Signal Inf. Process. over Netw.}, 

  title={Communication-Efficient Decentralized Sparse {Bayesian} Learning of Joint Sparse Signals}, 

  year={2017},

  volume={3},

  number={3},

  pages={617-630},
  month = {Apr.},

  doi={10.1109/TSIPN.2016.2632041}}



@ARTICLE{s25,

  author={Fang, Jun and Shen, Yanning and Li, Hongbin and Wang, Pu},

  journal={{IEEE} Trans. Signal Process.}, 

  title={Pattern-Coupled Sparse {Bayesian} Learning for Recovery of Block-Sparse Signals}, 

  year={2015},

  volume={63},

  number={2},

  pages={360-372},

  month={Nov.},
}

@ARTICLE{s26,

  author={Zhang, Zhilin and Rao, Bhaskar D.},

  journal={{IEEE} Trans. Signal Process.}, 

  title={Extension of {SBL} Algorithms for the Recovery of Block Sparse Signals With Intra-Block Correlation}, 

  year={2013},

  volume={61},

  number={8},

  pages={2009-2015},

  month={Jan.},
}

@ARTICLE{s27,

  author={Hurtado, Martin and Muravchik, Carlos H. and Nehorai, Arye},

  journal={{IEEE} Trans. Signal Process.}, 

  title={Enhanced Sparse {Bayesian} Learning via Statistical Thresholding for Signals in Structured Noise}, 

  year={2013},

  volume={61},

  number={21},

  pages={5430-5443},

  month={Aug.},
}

@article{s28,
author = {Alexander Lin and Andrew H. Song and Berkin Bilgic and Demba Ba},
title = {Covariance-Free Sparse {Bayesian} Learning},
eid={arXiv:2105.10439},
eprint={arXiv:2105.10439},
year = {2021},
url={https://arxiv.org/abs/2105.10439.}
}


@ARTICLE{s29,

  author={Khanna, Saurabh and Murthy, Chandra R.},

  journal={{IEEE} Trans. Signal Inf. Process. Netw.}, 

  title={Communication-Efficient Decentralized Sparse {Bayesian} Learning of Joint Sparse Signals}, 

  year={2017},

  volume={3},

  number={3},

  pages={617-630},

  month={Nov.},
}


@ARTICLE{s30,

  author={Ji, Shihao and Xue, Ya and Carin, Lawrence},

  journal={{IEEE} Trans. Signal Process.}, 

  title={{Bayesian} Compressive Sensing}, 

  year={2008},

  volume={56},

  number={6},

  pages={2346-2356},

  month={May},
}


@INPROCEEDINGS{s31,

  author={Hannak, Gabor and Mayer, Martin and Jung, Alexander and Matz, Gerald and Goertz, Norbert},

  booktitle={Proc. IEEE Int. Conf. Commun. Workshops (ICC Workshops)}, 

  title={Joint channel estimation and activity detection for multiuser communication systems}, 

  year={2015},
  address={London, UK},

  pages={2086-2091},

  month={Sep.},
}

@ARTICLE{ll87,

  author={Di, Boya and Song, Lingyang and Li, Yonghui and Poor, H. Vincent},

  journal={IEEE Wireless Commun.}, 

  title={Ultra-Dense {LEO}: Integration of Satellite Access Networks into 5{G} and Beyond}, 

  year={2019},

  volume={26},

  number={2},
  month = {Apr.},

  pages={62-69},

  doi={10.1109/MWC.2019.1800301}}


@INPROCEEDINGS{s32,

  author={Chen, Zhilin and Yu, Wei},

  booktitle={Proc. IEEE Int. Conf. Acoust., Speech, Signal
Process. (ICASSP)}, 

  title={Massive device activity detection by approximate message passing}, 

  year={2017},
  address={New Orleans, LA, USA},

  pages={3514-3518},

  month={June},
}

@ARTICLE{dl1,

  author={Shao, Xiaodan and Chen, Xiaoming and Qiang, Yiyang and Zhong, Caijun and Zhang, Zhaoyang},

  journal={{IEEE} J. Sel. Areas Commun.}, 

  title={Feature-Aided Adaptive-Tuning Deep Learning for Massive Device Detection}, 

  year={2021},
  month={May},

  volume={39},

  number={7},

  pages={1899-1914},

  doi={10.1109/JSAC.2021.3078500}}


@ARTICLE{ss32,

  author={You, Li and Li, Ke-Xin and Wang, Jiaheng and Gao, Xiqi and Xia, Xiang-Gen and Ottersten, Bj√∂rn},

  journal={{IEEE} J. Sel. Areas Commun.}, 

  title={Massive {MIMO} Transmission for {LEO} Satellite Communications}, 

  year={2020},

  volume={38},

  number={8},
  month ={June},

  pages={1851-1865},

  doi={10.1109/JSAC.2020.3000803}}

@ARTICLE{mm2,

  author={Wei, Zhiqiang and Yuan, Weijie and Li, Shuangyang and Yuan, Jinhong and Bharatula, Ganesh and Hadani, Ronny and Hanzo, Lajos},

  journal={IEEE Wireless Commun.}, 

  title={Orthogonal Time-Frequency Space Modulation: A Promising Next-Generation Waveform}, 

  year={2021},
  month={Aug.},

  volume={28},

  number={4},

  pages={136-144},

  doi={10.1109/MWC.001.2000408}}

@ARTICLE{s33,

  author={Liu, Liang and Yu, Wei},

  journal={{IEEE} Trans. Signal Process.}, 

  title={Massive Connectivity With Massive {MIMO}‚ÄîPart {I}: Device Activity Detection and Channel Estimation}, 

  year={2018},

  volume={66},

  number={11},

  pages={2933-2946},

  month={Mar.},
}


@ARTICLE{s34,

  author={Liu, Liang and Yu, Wei},

  journal={{IEEE} Trans. Signal Process.}, 

  title={Massive Connectivity With Massive {MIMO}‚ÄîPart {II}: Achievable Rate Characterization}, 

  year={2018},

  volume={66},

  number={11},

  pages={2947-2959},

  month={Mar.},
}


@ARTICLE{s35,

  author={Donoho, David L. and Maleki, Arian and Montanari, Andrea},

  journal={Proc. Nat. Acad. Sci.}, 

  title={Message-passing algorithms for compressed sensing}, 

  year={2009},

  volume={106},

  number={45},

  pages={18914--18919},

  month={Nov.},
}


@ARTICLE{s36,

  author={Zhang, Yuanyuan and Guo, Qinghua and Wang, Zhongyong and Xi, Jiangtao and Wu, Nan},

  journal={{IEEE} Trans. Veh. Technol.}, 

  title={Block Sparse {Bayesian} Learning Based Joint User Activity Detection and Channel Estimation for Grant-Free {NOMA} Systems}, 

  year={2018},

  volume={67},

  number={10},

  pages={9631-9640},

  month={Jul.},
}

@ARTICLE{s37,

  author={Zhang, Zhaoji and Li, Ying and Huang, Chongwen and Guo, Qinghua and Yuen, Chau and Guan, Yong Liang},

  journal={{IEEE} Trans. Veh. Technol.}, 

  title={{DNN}-{A}ided Block Sparse {Bayesian} Learning for User Activity Detection and Channel Estimation in Grant-Free Non-Orthogonal Random Access}, 

  year={2019},

  volume={68},

  number={12},

  pages={12000-12012},

  month={Oct.},
}


@ARTICLE{s38,

  author={Zhang, Zhaoji and Li, Ying and Huang, Chongwen and Guo, Qinghua and Liu, Lei and Yuen, Chau and Guan, Yong Liang},

  journal={{IEEE} Internet Things J.}, 

  title={User Activity Detection and Channel Estimation for Grant-Free Random Access in {LEO} Satellite-Enabled Internet of Things}, 

  year={2020},

  volume={7},

  number={9},

  pages={8811-8825},

  month={May},
}


@ARTICLE{s39,

  author={Guidotti, Alessandro and Vanelli-Coralli, Alessandro and Conti, Matteo and Andrenacci, Stefano and Chatzinotas, Symeon and Maturo, Nicola and Evans, Barry and Awoseyila, Adegbenga and Ugolini, Alessandro and Foggi, Tommaso and Gaudio, Lorenzo and Alagha, Nader and Cioni, Stefano},

  journal={IEEE Trans. Veh. Technol.}, 

  title={Architectures and Key Technical Challenges for {5G} Systems Incorporating Satellites}, 

  year={2019},

  volume={68},

  number={3},

  pages={2624-2639},
  month={Jan.},

  doi={10.1109/TVT.2019.2895263}}



@ARTICLE{s40,

  author={Ali, Md Shipon and Hossain, Ekram and Kim, Dong In},

  journal={{IEEE} Commun. Mag.}, 

  title={{LTE/LTE-A} Random Access for Massive Machine-Type Communications in Smart Cities}, 

  year={2017},

  volume={55},

  number={1},

  pages={76-83},

  month={Jan.},
}


@ARTICLE{s41,

  author={De Sanctis, Mauro and Cianca, Ernestina and Araniti, Giuseppe and Bisio, Igor and Prasad, Ramjee},

  journal={{IEEE} Internet Things J.}, 

  title={Satellite Communications Supporting Internet of Remote Things}, 

  year={2016},

  volume={3},

  number={1},

  pages={113-123},

  month={Oct.},
}

@ARTICLE{s411,

  author={Kodheli, Oltjon and Lagunas, Eva and Maturo, Nicola and Sharma, Shree Krishna and Shankar, Bhavani and Montoya, Jesus Fabian Mendoza and Duncan, Juan Carlos Merlano and Spano, Danilo and Chatzinotas, Symeon and Kisseleff, Steven and Querol, Jorge and Lei, Lei and Vu, Thang X. and Goussetis, George},

  journal={IEEE Commun. Surveys Tut.}, 

  title={Satellite Communications in the New Space Era: A Survey and Future Challenges}, 

  year={2021},
  month={Oct.},

  volume={23},

  number={1},

  pages={70-109},
}



@ARTICLE{s42,

  author={Al-Shoukairi, Maher and Schniter, Philip and Rao, Bhaskar D.},

  journal={{IEEE} Trans. Signal Process.}, 

  title={A {GAMP}-Based Low Complexity Sparse {Bayesian} Learning Algorithm}, 

  year={2018},

  volume={66},

  number={2},

  pages={294-308},

  month={Oct.},
}

@inproceedings{relu,
  title={Deep sparse rectifier neural networks},
  author={Glorot, Xavier and Bordes, Antoine and Bengio, Yoshua},
  booktitle={Proc. Int. Conf. Artif. Intell. Statist},
  address={Ft. Lauderdale, FL, USA},
  pages={315--323},
  month={Jan.},
  year={2011},
}

@INPROCEEDINGS{sss,

  author={Rangan, Sundeep},

  booktitle={Proc. IEEE Int. Symp. Inf. Theory (ISIT)}, 

  title={Generalized approximate message passing for estimation with random linear mixing}, 
  address = {St. Petersburg, Russia},

  year={2011},

  volume={},

  number={},
  month ={Oct.},

  pages={2168-2172},

  doi={10.1109/ISIT.2011.6033942}}

@ARTICLE{s43,

  author={Ke, Malong and Gao, Zhen and Wu, Yongpeng and Gao, Xiqi and Schober, Robert},

  journal={{IEEE} Trans. Signal Process.}, 

  title={Compressive Sensing-Based Adaptive Active User Detection and Channel Estimation: Massive Access Meets Massive {MIMO}}, 

  year={2020},

  volume={68},

  number={},

  pages={764-779},

  month={Jan.},
}

@article{s44,
author = {Alexander Lin and Andrew H. Song and Berkin Bilgic and Demba Ba},
title = {Covariance-Free Sparse {Bayesian} Learning},
eid={arXiv:2105.10439},
eprint={arXiv:2105.10439},
year = {2021},
url={https://arxiv.org/abs/2105.10439.}
}

@ARTICLE{s45,

  author={Larsson, Erik G. and Edfors, Ove and Tufvesson, Fredrik and Marzetta, Thomas L.},

  journal={IEEE Commun. Mag.}, 

  title={Massive {MIMO} for next generation wireless systems}, 

  year={2014},
  month={Feb.},

  volume={52},

  number={2},

  pages={186-195},

  doi={10.1109/MCOM.2014.6736761}}
@ARTICLE{s46,

  author={Lu, Lu and Li, Geoffrey Ye and Swindlehurst, A. Lee and Ashikhmin, Alexei and Zhang, Rui},

  journal={IEEE J. Sel. Topics Signal Process.}, 

  title={An Overview of Massive {MIMO}: Benefits and Challenges}, 

  year={2014},
  month={Apr.},

  volume={8},

  number={5},

  pages={742-758},

  doi={10.1109/JSTSP.2014.2317671}}

@ARTICLE{m14,

   author={Jukka, Kyr√∂l√§inen and Ari, Hulkkonen and Juha, Ylitalo and Aaron, Byman and Bhavani, Shankar and Pantelis-Daniel, Arapoglou and Joel, Grotz},
   journal={Int. J. Satell. Commun. Network},
   title={Applicability of {MIMO} to satellite communications}, 

  year={2014},
  month={Aug.},

  volume={32},

  number={},

  pages={343-357},

}

@ARTICLE{m15,

  author={Angeletti, Piero and De Gaudenzi, Riccardo},

  journal={IEEE Access}, 

  title={A Pragmatic Approach to Massive {MIMO} for Broadband Communication Satellites}, 

  year={2020},
  month={July},

  volume={8},

  number={},

  pages={132212-132236},

  doi={10.1109/ACCESS.2020.3009850}}

@inproceedings{esa,

  author={{European Space Agency}},
  title={Large Scale Multi-Antennas over Satellite},

 


  year={2020},

  address={SatNex IV WI 4.5, Netherlands},

  pages={},

  doi={}}

@ARTICLE{m16,

  author={Zhang, Yunyang and Wu, Yulun and Liu, Aijun and Xia, Xiaochen and Pan, Ting and Liu, Xian},

  journal={IEEE Wireless Commun. Lett.}, 

  title={Deep Learning-Based Channel Prediction for {LEO} Satellite Massive {MIMO} Communication System}, 

  year={2021},
  month={May},

  volume={10},

  number={8},

  pages={1835-1839},

  doi={10.1109/LWC.2021.3083267}}

@ARTICLE{m13,

  author={Li, Ke-Xin and You, Li and Wang, Jiaheng and Gao, Xiqi and Tsinos, Christos G. and Chatzinotas, Symeon and Ottersten, Bj√∂rn},

  journal={IEEE Trans. Commun.}, 

  title={Downlink Transmit Design for Massive {MIMO} {LEO} Satellite Communications}, 

  year={2021 (Early Access)},

  volume={},

  number={},

  pages={1-1},

  doi={10.1109/TCOMM.2021.3131573}}

@ARTICLE{s47,

  author={Gao, Zhixiang and Liu, Aijun and Han, Chen and Liang, Xiaohu},

  journal={IEEE Wireless Commun. Lett.}, 

  title={Sum Rate Maximization of Massive {MIMO} {NOMA} in {LEO} Satellite Communication System}, 

  year={2021},
  month={Apr.},

  volume={10},

  number={8},

  pages={1667-1671},

  doi={10.1109/LWC.2021.3076579}}

@article{s48,
	author = {Gao, Lei and Zhang, Shuo and Liu, Ziyao and Lin, Jinyong and Wang, Shuai and Xing, Chengwen},
	copyright = {Science China Press and Springer-Verlag Berlin Heidelberg},
	doi = {10.1007/s11432-016-0588-8},
	journal = {Sci. China Inf. Sci.},
	keywords = {MIMO; multi-antenna technologies; signal processing; space-ground integrated networks; satellite networks; terrestrial networks},
	language = {English},
	month = {Nov.},
	number = {12},
	pages = {1-18},
	title = {An overview of multi-antenna technologies for space-ground integrated networks},
	volume = {59},
	year = {2016},
}

@book{s49,
    title = {Digital Communications},
    author = {John, Proakis and Masoud, Salehi},
	edition={5},
    publisher={McGraw-Hill Education},
    year={2007}
}

@ARTICLE{s50,

  author={Fontan, F.P. and Vazquez-Castro, M. and Cabado, C.E. and Garcia, J.P. and Kubista, E.},

  journal={IEEE Trans. Veh. Technol.}, 

  title={Statistical modeling of the {LMS} channel}, 

  year={2001},
  month={Nov.},

  volume={50},

  number={6},

  pages={1549-1567},

  doi={10.1109/25.966585}}
@article{s51,
author = {Guidotti, Alessandro and Vanelli-Coralli, Alessandro and Foggi, Tommaso and Colavolpe, Giulio and Caus, M√°rius and Bas, Joan and Cioni, Stefano and Modenini, Andrea},
title = {{LTE-based} satellite communications in {LEO} mega-constellations},
journal = {Int. J. Satell. Commun. Netw.},
volume = {37},
number = {4},
pages = {316-330},
month={June},
year = {2019}
}

@ARTICLE{m17,

  author={Surabhi, G. D. and Augustine, Rose Mary and Chockalingam, Ananthanarayanan},

  journal={IEEE Commun. Lett.}, 

  title={Peak-to-Average Power Ratio of {OTFS} Modulation}, 

  year={2019},
  month={Apr.},

  volume={23},

  number={6},

  pages={999-1002},

  doi={10.1109/LCOMM.2019.2914042}}

@ARTICLE{m18,

  author={Wei, Peng and Xiao, Yue and Feng, Wei and Ge, Ning and Xiao, Ming},

  journal={IEEE Trans. Wireless Commun.}, 

  title={Charactering the Peak-to-Average Power Ratio of {OTFS} Signals: A Large System Analysis}, 

  year={2021 (Early Access)},


  volume={},

  number={},

  pages={1-1},

  doi={10.1109/TWC.2021.3123397}}

@ARTICLE{m19,

  author={Gao, Shuang and Zheng, Jianping},

  journal={IEEE Commun. Lett.}, 

  title={Peak-to-Average Power Ratio Reduction in Pilot-Embedded {OTFS} Modulation Through Iterative Clipping and Filtering}, 

  year={2020},
  month={May},

  volume={24},

  number={9},

  pages={2055-2059},

  doi={10.1109/LCOMM.2020.2993036}}

@INPROCEEDINGS{m20,

  author={Naveen, Cheemala and Sudha, V.},

  booktitle={Proc. Int. Conf. Devices, Circuits Syst. (ICDCS)}, 

  title={Peak-to-Average Power Ratio reduction in {OTFS} modulation using companding technique}, 

  year={2020},
  month={Apr.},
  address={Coimbatore, India},

  volume={},

  number={},

  pages={140-143},

  doi={10.1109/ICDCS48716.2020.243567}}

@INPROCEEDINGS{m21,

  author={Liu, Mengxue and Zhao, Ming-Min and Lei, Ming and Zhao, Min-Jian},

  booktitle={Proc. IEEE 94th Veh. Technol. Conf. (VTC2021-Fall)}, 

  title={Autoencoder Based {PAPR} Reduction for {OTFS} Modulation}, 

  year={2021},
  month={Dec.},
  address={Norman, OK, USA},

  volume={},

  number={},

  pages={1-5},

  doi={10.1109/VTC2021-Fall52928.2021.9625251}}

@ARTICLE{s52,

  author={Xiao, Zhenyu and Zhu, Lipeng and Liu, Yanming and Yi, Pengfei and Zhang, Rui and Xia, Xiang-Gen and Schober, Robert},

  journal={IEEE Commun. Surveys Tut.}, 

  title={A Survey on Millimeter-Wave Beamforming Enabled {UAV} Communications and Networking}, 

  year={2021 (Early Access)},

  volume={},

  number={},

  pages={1-1},

  doi={10.1109/COMST.2021.3124512}}

@ARTICLE{s53,

  author={Xiao, Zhenyu and Zhu, Lipeng and Xia, Xiang-Gen},

  journal={China Commun.}, 

  title={{UAV} communications with millimeter-wave beamforming: Potentials, scenarios, and challenges}, 

  year={2020},
  month={Sep.},

  volume={17},

  number={9},

  pages={147-166},

  doi={10.23919/JCC.2020.09.012}}

@ARTICLE{s54,

  author={Zhu, Lipeng and Zhang, Jun and Xiao, Zhenyu and Cao, Xianbin and Wu, Dapeng Oliver and Xia, Xiang-Gen},

  journal={IEEE Trans. Wireless Commun.}, 

  title={Millimeter-Wave {NOMA} With User Grouping, Power Allocation and Hybrid Beamforming}, 

  year={2019},
  month={Aug.},

  volume={18},

  number={11},

  pages={5065-5079},

  doi={10.1109/TWC.2019.2932070}}
