
IEEEabrv.bib
V1 (2016/11)
Copyright (c) 2002-2100 by SGroup

USAGE:

%\bibliographystyle{IEEEtran}
%\bibliography{IEEEabrv,SGroupDefinition,SGroup}


%------------------------------------------------
%
%				Start
%
%------------------------------------------------
IEEE Conference
@STRING{SIAMJO={SIAM J. Opt.}}
@STRING{ICC = {Proc. IEEE Int. Conf. Commun.}}
@STRING{ICCC = {Proc. IEEE Int. Conf. Commun. in China}}
@STRING{ICCW = {Proc. IEEE Int. Conf. Commun. Workshop}}
@STRING{ANLN-ICC= {Proc. IEEE Int. Conf. Commun. Workshop on Adv. in Netw. Loc. and Navig.}}
@STRING{ICASSP={Proc. IEEE Int. Conf. Acoust., Speech and Signal Process.}}
@STRING{CSSP={Circuits, Syst., and Signal Process.}}
@STRING{EJASP   = {EURASIP J. Advances Signal Process.}}
@STRING{E_SP    = {Signal Process.}} %Elsevier_Signal Processing
@STRING{Globecom_old = {Proc. IEEE Global Telecomm. Conf.}}
@STRING{Globecom = {Proc. IEEE Global Commun. Conf.}}
@STRING{INFOCOM = {Proc. IEEE Conf. on Comput. Commun.}}
@STRING{ISIT = {Proc. IEEE Int. Symp. on Inf. Theory}}
@STRING{ITW = {Proc. IEEE Inf. Theory Workshop}}
@STRING{E_CN = {Comput. Netw.}}
@STRING{ICOSST = {Proc. Int. Conf. Open Source Syst. and Technol.}}
@STRING{WCNC = {Proc. IEEE Wireless Commun. Netw. Conf.}}
@STRING{WAMICON = {Proc. 13th Annu. IEEE Wireless Microw. Technol. Conf.}}
@STRING{I2MTC = {Proc. Instrumentation and Measurement Technol. Conf.}}
@STRING{ICSP = {Proc. Int. Conf. Signal Process.}}
@STRING{ICACT = {Proc. Int. Conf. Advanced Commun. Technol.}}
@STRING{UBICOMP = {Proc. ACM Int. Conf. Ubiquitous Comput.}}
@STRING{MOBICOM = {Proc. Annu. Int. Conf. Mobile Comput. Netw.}}
@STRING{EUSIPCO = {Proc. Eur. Signal Process. Conf.}}
@STRING{Asilomar = {Proc. Asilomar Conf. on Signals, Systems, and Computers}}
@STRING{ICICS = {Proc. Int. Conf. on Inf., Commun. and Signal Process.}}
@STRING{CASE = {Proc. Int. Conf. on Autom. Sci. and Eng.}}
@STRING{SIPN = "{IEEE} Trans. Signal and Inf. Proces. Netw."}
@STRING{E_J_A   = {Automatica.}} %Elsevier_Signal Processing
@STRING{IWFIOT={Proc. IEEE World Forum Internet Things (WF-IoT)}}

@STRING{ITSC = {Proc. IEEE Int. Conf. Intell. Transport. Syst.}}

@STRING{IEEE_M_ITS        = "{IEEE} Trans. Intell. Transp. Syst. Mag."}


--
EOF
