@STRING{TASME = {Trans. ASME, J. Basic Eng.}}

@STRING{MP = {Mathematical Programming}}

@STRING{IEEE_PES = {IEEE Power and Energy Society General Meeting}}

@STRING{IEE_PROC_GTD = {IEE Proc. Generation, Transmission and Distribution}}

@STRING{IEEE_J_CMAG = {IEEE Commun. Mag.}}

@STRING{SPA = {Stochastic Processes and their Applications}}

@STRING{ACMSM = {Proc. ACM Sigmetrics}}

@STRING{ISAP = {Proc. IEEE Intl. Symp. Antennas and Propagation (AP-S)}}

@STRING{PIER = {Progress In Electromagnetics Research}}

@STRING{AI = {Artif. Intell.}}

@STRING{JSP = {J. Stat. Phys.}}

@STRING{SIAM_JCO = {SIAM J. Control Optim.}}

@STRING{CIS = {Commun. Inf. Syst.}}

@STRING{PCPS = {Proc. Camb. Phil. Soc}}

@STRING{ICNSC = {Int. Conf. on Netw., Sens. and Control}}

@STRING{WCMC = {Wireless Communications and Mobile Computing}}

@STRING{WPC = {Wireless Personal Communications}}

@STRING{SigProc = {Signal Process.}}

@STRING{RWS = {Radio and Wireless Symposium}}

@STRING{J_Micro = {Journal of Microscopy}}

@STRING{JASA = {J. Am. Statist. Assoc.}}

@STRING{IMOC = {Proc. Intl. Symp. Antennas and Propagation (AP-S)}}

@STRING{IEE_PROC_MAP = {IEE Proc. Microw., Antennas Propagat.}}

@STRING{IJRS = {International Journal of Remote Sensing}}

@STRING{EUCAP = {Proc. 4th European Conference on Antennas and Propagation}}

@STRING{EUJASP = {EURASIP J. Adv. in Signal Process.}}

@STRING{IEEE_IEE_VNISC = {Proc. IEEE-IEE Vehicle Navigation and Information Systems Conference}}

@STRING{ECEJ = {Electronics Communication Engineering Journal}}

@STRING{ICCW = {Communications Workshops, IEEE International Conference on Communications}}

@STRING{A-AP = {Ann.\ Appl.\ Prob.}}

@STRING{A-ISM = {Annals of Institute of Statistical Mathematics}}

@STRING{A-MS = {Ann. of Math. Stat.}}

@STRING{AP = {Ann. Probab.}}

@STRING{A-S = {Annals of Statistics}}

@STRING{ACM-Com = {Communications of ACM}}

@string{ACMSIG = {ACM SIGCOMM Computer Commun.~Review}}

@STRING{AdvAppProb = {Adv. Appl. Probab.}}

@STRING{IEEE_C_A = {{IEEE} Aero. Conf.}}

@STRING{Allerton = {Proc. Allerton Conf. on Commun., Control and Computing}}

@STRING{AMM = {The American Mathematical Monthly}}

@STRING{AP-S = {Proc. Intl. Symp. Antennas and Propagation (AP-S)}}

@STRING{AppMathLett = {Appl. Math. Lett}}

@STRING{arxq = {\emph{e-print} quant-ph/}}

@STRING{Allerton = {Proc. Allerton Conf. on Communications, Control, and Computing}}

@string{ASFC25 = {Proc. 25th Annual Symposium on Frequency Control}}

@string{ASFC35 = {Proc. 35th Annual Symposium on Frequency Control}}

@STRING{Asilomar = {Proc. Asilomar Conf. on Signals, Systems, and Computers}}

@STRING{Asilomar02 = {Proc. 36th Asilomar Conf. on Signals, Systems, and Computers}}

@STRING{Asilomar04 = {Proc. 38th Asilomar Conf. on Signals, Systems, and Computers}}

@STRING{Asilomar97 = {Proc. 31st Asilomar Conf. on Signals, Systems, and Computers}}

@STRING{BIOM = {Biometrika}}

@STRING{ BioCyb = {Biol. Cybernet.} }

@STRING{BSTJ = {Bell Syst. Tech. J.}}

@STRING{CDC89 = {Proc. 28th IEEE Conference on Decision and Control}}

@STRING{CIP = {Proc. IEEE Int. Workshop on Cognitive Inform. Processing}}

@STRING{CISS = {Proc. Conf. on Inform. Sci. and Sys.}}

@STRING{CROWNCOM = {Proc. IEEE Int. Conf. on Cognitive Radio Oriented Wireless Networks and Commun.}}

@STRING{DCC = {Proc. Data Compression Conf.}}

@STRING{E-WCN = {EURASIP Journal on Wireless Communications and Networking}}

@STRING{EL = {Electron. Lett.}}

@string{EFTF   = {European Frequency and Time Forum Interational}}

@STRING{ETSI = {European Telecommunications Standards Institute,}}

@STRING{ETT = {Europ. Trans. on Telecomm.}}

@STRING{EURASIP_J_ASP = {EURASIP J. Appl. Signal Process.}}

@STRING{EUSIPCO = {Proc. of European Signal Processing Conference (EUSIPCO)}}

@STRING{ELSE_SIGPRO= {Elsevier Signal Processing}}

@STRING{firstNetUWB = {Proc. of the First Int. Workshop {Networking with UWB}}}

@STRING{Globecom = {Proc. IEEE Global Telecomm. Conf.}}

@STRING{GlobecomCT = {Proc. IEEE Global Telecomm. Conf., Symp. on Commun. Theory}}

@STRING{ICASSP = {Proc. IEEE Int. Conf. Acoustics, Speech, and Signal Processing}}

@STRING{ICC = {Proc. IEEE Int. Conf. Commun.}}

@STRING{ICCS = {Proc. IEEE Int. Conf. on Commun. Systems}}

@STRING{ICMLC = {Proc. Int. Conf. on Commun. Machine Learning and Cybernetics}}

@STRING{ICNEWS = {Proc. IEEE 1st Int. Conf. on Next-Generation Wireless Systems}}

@STRING{ICPWC = {Proc. IEEE Int. Conf. on Personal Wireless Commun.}}

@STRING{ICUMT = {Proc. Int. Conf. on Ultra Modern Telecommunications}}

@STRING{ICUPC = {Proc. IEEE Int. Conf. on Universal Personal Commun.}}

@STRING{ICU = {Proc. IEEE Int. Conf. on Ultrawideband}}

@STRING{ICUWB = {Proc. IEEE Int. Conf. on Ultra-Wideband}}
@STRING{UWBST = {Proc. IEEE Conf. on Ultra Wideband Syst. and Technol.}}
@STRING{IWUWBS = {Proc. Int. Workshop on Ultra Wideband Syst.}}

@STRING{IEE_PROC_F = {IEE Proc. F}}

@STRING{IEE_PROC_COM = {IEE Proc. Commun.}}

@STRING{IEEE = {The Institute of Electrical and Electronics Engineers}}

@STRING{IJWIN = {Int. J. of Wireless Inform. Network}}

@STRING{IJNME = {Internat. J. Numer. Methods Engrg.}}

@STRING{INFOCOM = {Proc. IEEE Conf. on Computer Commun.}}

@STRING{IPSN = {Proc. IEEE Inform. Processing in Sensor Networks}}

@STRING{IRE_J_COM = {{IRE} Trans. Commun.}}

@STRING{IEEE_J_COM = {{IEEE} Trans. Commun.}}

 @STRING{IEEE_J_TWC = {{IEEE} Trans. Wireless Commun.}}

@STRING{IRE_J_IT = {{IRE} Trans. Inform. Theory.}}

@STRING{IEEE_J_IT = {{IEEE} Trans. Inform. Theory.}}

@STRING{ISAWC = {Proc. IEEE Int. Symp. on Advances in Wireless Commun.}}

@STRING{ISCAS = {IEEE Int. Symp. on Circuits and Systems}}

@STRING{ISCE = {Proc. IEEE Int. Symp. on Consumer Electronics}}

@STRING{ISIT = {Proc. IEEE Int. Symp. on Inf. Theory}}

@STRING{ISITA = {Proc. IEEE Int. Symp. on Inf. Theory and Its Applications}}

@STRING{ISSSTA = {Proc. IEEE Int. Symp. on Spread Spectrum Tech. \& Applicat.}}

@STRING{ISSSTA96 = {Proc. IEEE $4^{\underline{th}}$ Int. Symp. on Spread Spectrum Techniques \& Applications}}

@STRING{ISSSTA98 = {Proc. IEEE $5^{\underline{th}}$ Int. Symp. on Spread Spectrum Techniques \& Applications}}

@STRING{ITA = {Proc. Inf. Theory and Applications Workshop}}

@STRING{ITW = {Proc. IEEE Inf. Theory Workshop}}

@STRING{IWCMC = {Proc. Int. Wireless Commun. and Mobile Computing}}

@STRING{IWWAN = {Proc. Int. Workshop on Wireless Ad-hoc Networks}}

@STRING{IZS = {Proc. IEEE Int. Zurich Seminar on Communications}}

@string{JCGS   = {J.~Computational and Graphical Statistics}}

@STRING{J-WIN = {Int. J. Wireless Inform. Networks}}

@STRING{J-WireCommNet = {EURASIP J. Wireless Commun. and Netw.}}

@STRING{J_AMS = {J. Amer. Statist. Assoc.}}

@STRING{JAP = {J. Appl. Probab.}}

@STRING{ JFinance = {J. of Finance} }

@STRING{JCN = {Int. J. of Commun. Networks}}

@STRING{LA_App = {Linear Algebra and Its Appl.}}

@STRING{ManageSci = {Management Science}}

@STRING{MathComp = {Mathematics of Computation}}

@STRING{MathOR = {Math. Oper. Res.}}

@STRING{ MMOR = {Math. Methods Oper. Res.} }

@STRING{MathProg = {Math. Program. Ser B}}

@STRING{Milcom = {Proc. Military Commun. Conf.}}

@STRING{MOBICOM = {Proc. ACM Mobicom}}

@STRING{MOBIHOC = {Proc. ACM Symp. on Mobile Ad Hoc Networking and Computing}}

@STRING{MobNetApp = {Mobile Networks and Applications}}

@STRING{NASA = {NASA Tech Briefs}}

@STRING{NRS = {Proc. Nordic Radio Symp.}}

@STRING{OptEng = {J. Opt. Eng.}}

@STRING{ORLett = {Oper. Res. Lett.}}

@STRING{P-IRE = {Proc. IRE}}

@STRING{PACRIM = {Proc. IEEE Pacific Rim Conf. on Commun., Computers and Signal Processing}}

@STRING{PerCom = {Proc. IEEE Int. Conf. on Pervasive Computing and Commun.}}

@STRING{PIMRC = {Proc. IEEE Int. Symp. on Personal, Indoor and Mobile Radio Commun.}}

@STRING{PIMRC00 = {Proc. 11th IEEE Int. Symp. on Personal, Indoor and Mobile Radio Communications}}

@STRING{PIMRC01 = {Proc. 12th IEEE Int. Symp. on Personal, Indoor and Mobile Radio Communications}}

@STRING{PIMRC03 = {Proc. 14th IEEE Int. Symp. on Personal, Indoor and Mobile Radio Communications}}

@STRING{PIMRC93 = {Proc. 4th IEEE Int. Symp. on Personal, Indoor and Mobile Radio Communications}}

@STRING{PIMRC97 = {Proc. 8th IEEE Int. Symp. on Personal, Indoor and Mobile Radio Communications}}

@STRING{PIMRC98 = {Proc. 9th IEEE Int. Symp. on Personal, Indoor and Mobile Radio Communications}}

@STRING{PLANS = {Proc. IEEE Position Location and Navigation Symp. (PLANS)}}

@STRING{PNAS = {Proc. Natl. Acad. Sci. USA}}

@STRING{PR-A = {Phys. Rev. A}}

@STRING{PRL = {Phys. Rev. Lett.}}

@STRING{ PR = {Phys. Rev.}}

@string{PTRF = {Probab. Theory Related Fields}}

@STRING{RandStructAlg = {Random Structure and Algorithms}}

@STRING{ RevMP = {Rev. Modern Phys.} }

@STRING{RAWCON = {Proc. IEEE Radio and Wireless Conf.}}

@STRING{Sarnoff = {Proc. IEEE Sarnoff Symp.}}

@STRING{SensorWS00 = {Proc. of the 2000 IEEE Sensor Array
                        and Multichannel Signal Processing Workshop. 2000}}

@STRING{SECON = {Proc. IEEE Conf. on Sensor and Ad Hoc Commun. and Networks}}

@STRING{SFC91 = {Proc. IEEE $45^{\underline{th}}$ {A}nnual {S}ymposium on{F}requency {C}ontrol}}

@STRING{SIAM-R = {SIAM Review}}

@STRING{SIAM_JMatrix = {SIAM J. Matrix Anal. Appl.}}

@STRING{SIAM_JOpt = {SIAM J. Optim.}}

@STRING{SJ-OP = {SIAM J. of Optimization}}

@STRING{SPAWC = {Proc. IEEE Workshop on Signal Process. Advances in Wireless Commun. (SPAWC)}}

@STRING{SSP = {Proc. IEEE Workshop on Statistical Signal Process.}}

@STRING{T-IRE = {IEEE Trans. Commun. Sys.}}

@STRING{T-ITa = {IRE Trans. Inf. Theory}}

@STRING{IEEE-IT = {{IEEE} Trans. Inf. Theory}}

@STRING{IEEE-TSP = {{IEEE} Trans. Signal Process.}}

@STRING{IEEE-JSTSP = "{IEEE} J. Sel. Topics Signal Process."}

@STRING{TDA = {{NASA} {T}elecomm. and {D}ata {A}cquis. {P}rog. {R}eport}}

@STRING{TPA = {Theory Prob.\ and its Applications}}

@STRING{VTC = {Proc. IEEE Semiannual Veh. Technol. Conf.}}

@STRING{VTC00 = {Proc. 50th Annual Int. Veh. Technol. Conf.}}

@STRING{VTC94 = {Proc. 44th Annual Int. Veh. Technol. Conf.}}

@STRING{VTC97 = {Proc. 47th Annual Int. Veh. Technol. Conf.}}

@STRING{VTC98 = {Proc. 48th Annual Int. Veh. Technol. Conf.}}

@STRING{VTC99 = {Proc. 49th Annual Int. Veh. Technol. Conf.}}

@STRING{WCNC = {Proc. IEEE Wireless Commun. and Networking Conf.}}

@STRING{WireNet = {Wireless Networks}}

@STRING{WN = {Wireless Network}}

@STRING{WCMCWI = {Wireless Communications and Mobile Computing, Wiley InterScience}}

@STRING{WPMC11 = {Proc. 11th Int. Symp. on Wireless Personal Multimedia Commun.}}

@STRING{WPNC = {Workshop on Positioning, Navigation and Commun. (WPNC)}}

@String{ISPN = {Proc. Inform. Processing in Sensor Networks}}

@String{UAI = {Proc. UAI}}

%%%%%%%%%%%%%%%%%%%%%%%%%%%%%%%%%%%%%%%%%%%%%%%%%%%%%%%%%%%%%%%%%%%%%%%%%%%%%%%%

%%%%%%%%%%%%%%%%%%%%%%%%%%%%%%%%%%%%%%%%%%%%%%%
% From IEEEabrv file

IEEE Journals

autos, transportation and vehicles (non-aerospace)
@STRING{IEEE_J_ITS        = "{IEEE} Trans. Intell. Transp. Syst."}
@STRING{IEEE_J_VT         = "{IEEE} Trans. Veh. Technol."}
@STRING{IEEE_J_VC         = "{IEEE} Trans. Veh. Commun."}
circuits, signals, systems, audio and controls
@STRING{IEEE_J_SPL        = "{IEEE} Signal Process. Lett."}
@STRING{IEEE_J_ASSP       = "{IEEE} Trans. Acoust., Speech, Signal Process."}
@STRING{IEEE_J_AU         = "{IEEE} Trans. Audio"}
@STRING{IEEE_J_AUEA       = "{IEEE} Trans. Audio Electroacoust."}
@STRING{IEEE_J_AC         = "{IEEE} Trans. Autom. Control"}
@STRING{IEEE_J_CAS        = "{IEEE} Trans. Circuits Syst."}
@STRING{IEEE_J_CASVT      = "{IEEE} Trans. Circuits Syst. Video Technol."}
@STRING{IEEE_J_CASI       = "{IEEE} Trans. Circuits Syst. {I}"}
@STRING{IEEE_J_CASII      = "{IEEE} Trans. Circuits Syst. {II}"}
@STRING{IEEE_J_CASI_RP    = "{IEEE} Trans. Circuits Syst. {I}"}
@STRING{IEEE_J_CASII_EB   = "{IEEE} Trans. Circuits Syst. {II}"}
@STRING{IEEE_J_CT         = "{IEEE} Trans. Circuit Theory"}
@STRING{IEEE_J_CST        = "{IEEE} Trans. Control Syst. Technol."}
@STRING{IEEE_J_SP         = "{IEEE} Trans. Signal Process."}
@STRING{IEEE_J_SU         = "{IEEE} Trans. Sonics Ultrason."}
@STRING{IEEE_J_SAP        = "{IEEE} Trans. Speech Audio Process."}
@STRING{IEEE_J_STSP       = "{IEEE} J. Sel. Topics Signal Process."}
@STRING{IEEE_J_SYST       = "{IEEE} Syst. J."}
@STRING{IEEE_J_UE         = "{IEEE} Trans. Ultrason. Eng."}
@STRING{IEEE_J_UFFC       = "{IEEE} Trans. Ultrason., Ferroelectr., Freq. Control"}
communications
@STRING{IEEE_J_COML       = "{IEEE} Commun. Lett."}
@STRING{IEEE_J_WCOML      = "{IEEE} Wireless Commun. Lett."}
@STRING{IEEE_J_JSAC       = "{IEEE} J. Sel. Areas Commun."}
@STRING{IEEE_J_COM        = "{IEEE} Trans. Commun."}
@STRING{IEEE_J_COMT       = "{IEEE} Trans. Commun. Technol."}
@STRING{IEEE_J_WCOM       = "{IEEE} Trans. Wireless Commun."}
coding, data, information, knowledge
@STRING{IEEE_J_IT         = "{IEEE} Trans. Inf. Theory"}
@STRING{IEEE_J_KDE        = "{IEEE} Trans. Knowl. Data Eng."}
computers, computation, networking and software
@STRING{IEEE_J_C          = "{IEEE} Trans. Comput."}
@STRING{IEEE_J_CAL        = "{IEEE} Comput. Archit. Lett."}
@STRING{IEEE_J_DSC        = "{IEEE} Trans. Dependable Secure Comput."}
@STRING{IEEE_J_ECOMP      = "{IEEE} Trans. Electron. Comput."}
@STRING{IEEE_J_EVC        = "{IEEE} Trans. Evol. Comput."}
@STRING{IEEE_J_FUZZ       = "{IEEE} Trans. Fuzzy Syst."}
@STRING{IEEE_J_IFS        = "{IEEE} Trans. Inf. Forensics Security"}
@STRING{IEEE_J_MC         = "{IEEE} Trans. Mobile Comput."}
@STRING{IEEE_J_NET        = "{IEEE/ACM} Trans. Netw."}
@STRING{IEEE_J_NN         = "{IEEE} Trans. Neural Netw."}
@STRING{IEEE_J_NSM        = "{IEEE} Trans. Netw. Service Manag."}
@STRING{IEEE_J_PDS        = "{IEEE} Trans. Parallel Distrib. Syst."}
@STRING{IEEE_J_SC         = "{IEEE} Trans. Services Comput."}
@STRING{IEEE_J_SE         = "{IEEE} Trans. Softw. Eng."}
computer graphics, imaging, and multimedia
@STRING{IEEE_J_JDT        = "{IEEE/OSA} J. Display Technol."}
@STRING{IEEE_J_IP         = "{IEEE} Trans. Image Process."}
@STRING{IEEE_J_MM         = "{IEEE} Trans. Multimedia"}
@STRING{IEEE_J_VCG        = "{IEEE} Trans. Vis. Comput. Graphics"}
education, engineering, history, IEEE, professional
@STRING{IEEE_J_PROC       = "Proc. {IEEE}"}
electromagnetics, antennas, EMI, magnetics and microwave
@STRING{IEEE_J_AWPL       = "{IEEE} Antennas Wireless Propag. Lett."}
@STRING{IEEE_J_MGWL       = "{IEEE} Microw. Guided Wave Lett."}
@STRING{IEEE_J_MWCL       = "{IEEE} Microw. Wireless Compon. Lett."}
@STRING{IEEE_J_AP         = "{IEEE} Trans. Antennas Propag."}
@STRING{IEEE_J_EMC        = "{IEEE} Trans. Electromagn. Compat."}
@STRING{IEEE_J_MAG        = "{IEEE} Trans. Magn."}
@STRING{IEEE_J_MTT        = "{IEEE} Trans. Microw. Theory Tech."}
@STRING{IEEE_J_RFI        = "{IEEE} Trans. Radio Freq. Interference"}
@STRING{IEEE_J_TJMJ       = "{IEEE} Transl. J. Magn. Jpn."}
energy and power
@STRING{IEEE_J_EC         = "{IEEE} Trans. Energy Convers."}
@STRING{IEEE_J_PEL        = "{IEEE} Power Electron. Lett."}
@STRING{IEEE_J_PWRAS      = "{IEEE} Trans. Power App. Syst."}
@STRING{IEEE_J_PWRD       = "{IEEE} Trans. Power Del."}
@STRING{IEEE_J_PWRE       = "{IEEE} Trans. Power Electron."}
@STRING{IEEE_J_PWRS       = "{IEEE} Trans. Power Syst."}
industrial, commercial and consumer
@STRING{IEEE_J_APPIND     = "{IEEE} Trans. Appl. Ind."}
@STRING{IEEE_J_BC         = "{IEEE} Trans. Broadcast."}
@STRING{IEEE_J_BCTV       = "{IEEE} Trans. Broadcast Television Receivers"}
@STRING{IEEE_J_CE         = "{IEEE} Trans. Consum. Electron."}
@STRING{IEEE_J_IE         = "{IEEE} Trans. Ind. Electron."}
@STRING{IEEE_J_IECI       = "{IEEE} Trans. Ind. Electron. Contr. Instrum."}
@STRING{IEEE_J_IA         = "{IEEE} Trans. Ind. Appl."}
@STRING{IEEE_J_IGA        = "{IEEE} Trans. Ind. Gen. Appl."}
@STRING{IEEE_J_IINF       = "{IEEE} Trans. Ind. Informat."}
@STRING{IEEE_J_PSE        = "{IEEE} J. Product Safety Eng."}
instrumentation and measurement
@STRING{IEEE_J_IM         = "{IEEE} Trans. Instrum. Meas."}
insulation and materials
@STRING{IEEE_J_JEM        = "{IEEE/TMS} J. Electron. Mater."}
@STRING{IEEE_J_DEI        = "{IEEE} Trans. Dielectr. Electr. Insul."}
@STRING{IEEE_J_EI         = "{IEEE} Trans. Electr. Insul."}
IEEE Magazines 
@STRING{IEEE_M_AES        = "{IEEE} Aerosp. Electron. Syst. Mag."}
@STRING{IEEE_M_HIST       = "{IEEE} Ann. Hist. Comput."}
@STRING{IEEE_M_AP         = "{IEEE} Antennas Propag. Mag."}
@STRING{IEEE_M_ASSP       = "{IEEE} {ASSP} Mag."}
@STRING{IEEE_M_CD         = "{IEEE} Circuits Devices Mag."}
@STRING{IEEE_M_CAS        = "{IEEE} Circuits Syst. Mag."}
@STRING{IEEE_M_COM        = "{IEEE} Commun. Mag."}
@STRING{IEEE_M_COMSOC     = "{IEEE} Commun. Soc. Mag."}
@STRING{IEEE_M_CIM        = "{IEEE} Comput. Intell. Mag."}
@STRING{IEEE_M_CSE        = "{IEEE} Comput. Sci. Eng."}
@STRING{IEEE_M_CSEM       = "{IEEE} Comput. Sci. Eng. Mag."}
@STRING{IEEE_M_C          = "{IEEE} Computer"}
@STRING{IEEE_M_CAP        = "{IEEE} Comput. Appl. Power"}
@STRING{IEEE_M_CGA        = "{IEEE} Comput. Graph. Appl."}
@STRING{IEEE_M_CONC       = "{IEEE} Concurrency"}
@STRING{IEEE_M_CS         = "{IEEE} Control Syst. Mag."}
@STRING{IEEE_M_DTC        = "{IEEE} Des. Test. Comput."}
@STRING{IEEE_M_EI         = "{IEEE} Electr. Insul. Mag."}
@STRING{IEEE_M_ETR        = "{IEEE} ElectroTechnol. Rev."}
@STRING{IEEE_M_EMB        = "{IEEE} Eng. Med. Biol. Mag."}
@STRING{IEEE_M_EMR        = "{IEEE} Eng. Manag. Rev."}
@STRING{IEEE_M_EXP        = "{IEEE} Expert"}
@STRING{IEEE_M_IA         = "{IEEE} Ind. Appl. Mag."}
@STRING{IEEE_M_IE         = "{IEEE} Ind. Electron. Mag."}
@STRING{IEEE_M_IM         = "{IEEE} Instrum. Meas. Mag."}
@STRING{IEEE_M_IS         = "{IEEE} Intell. Syst."}
@STRING{IEEE_M_ITS        = "{IEEE} Intell. Transp. Syst. Mag."}
@STRING{IEEE_M_IC         = "{IEEE} Internet Comput."}
@STRING{IEEE_M_ITP        = "{IEEE} {IT} Prof."}
@STRING{IEEE_M_MICRO      = "{IEEE} Micro"}
@STRING{IEEE_M_MW         = "{IEEE} Microw. Mag."}
@STRING{IEEE_M_MM         = "{IEEE} Multimedia"}
@STRING{IEEE_M_NANO       = "{IEEE} Nanotechnol. Mag."}
@STRING{IEEE_M_NET        = "{IEEE} Netw."}
@STRING{IEEE_M_PCOM       = "{IEEE} Personal Commun. Mag."}
@STRING{IEEE_M_POT        = "{IEEE} Potentials"}
@STRING{IEEE_M_PE         = "{IEEE} Power Energy Mag."}
@STRING{IEEE_M_PER        = "{IEEE} Power Eng. Rev."}
@STRING{IEEE_M_PVC        = "{IEEE} Pervasive Comput."}
@STRING{IEEE_M_RA         = "{IEEE} Robot. Autom. Mag."}
@STRING{IEEE_M_SAP        = "{IEEE} Security Privacy"}
@STRING{IEEE_M_SP         = "{IEEE} Signal Process. Mag."}
@STRING{IEEE_M_S          = "{IEEE} Softw."}
@STRING{IEEE_M_SPECT      = "{IEEE} Spectr."}
@STRING{IEEE_M_TS         = "{IEEE} Technol. Soc. Mag."}
@STRING{IEEE_M_VT         = "{IEEE} Veh. Technol. Mag."}
@STRING{IEEE_M_WC         = "{IEEE} Wireless Commun."}
@STRING{IEEE_M_TODAY      = "Today's Engineer"}
IEEE Online Publications
@STRING{IEEE_O_CSTO        = "{IEEE} Commun. Surveys Tuts."}
@STRING{IEEE_O_DSO         = "{IEEE} Distrib. Syst. Online"}

%%%%%%%%%%%%%%%%%%%%%%%%%%%%%%%%%%%%%%%%%%%%%%%%%%%%%%%%%%%


%%%%%%%%%%%%%%%%%%%%%%%%%%%%%%%%%%%%%%%%%%%%%%%%%%%%%%%%%%%
% From Bib_Giovanni file

@STRING{addwes = "Addison-Wesley"}
@STRING{annmathstat = "Ann. Math. Stat."}
@STRING{annsens3 = "Ann. Sci. {\'E}cole Norm. Sup.~(3)"}
@STRING{annusbesm = "Ann. Univ. Sci. Budapest. {\"E}otv{\"o}s
        Sect. Math."}
@STRING{bellsystechj = "Bell System Tech. J."}
@STRING{belllabs = "Bell Labs Tech. J."}
@STRING{bullamsns = "Bull. Am. Math. Soc.~(N.~S.)"}
@STRING{cacm = "Comm. ACM"}
@STRING{combinatorica = "Combinatorica"}
@STRING{cup = "Cambridge University Press"}
@STRING{cvgip = "Comput. Vision Graph. Image Process."}
@STRING{dover = "Dover"}
@STRING{dsp = "Digital Signal Process."}
@STRING{dukemathj = "Duke Math. J."}
@STRING{el = "Electron. Lett."}
@STRING{eurasipwcn = "EURASIP Journ. Wireless Commun. Network."}
@STRING{gmip = "Graph. Models Image Process."}
@STRING{ieeproc = "IEE Proc."}
@STRING{ieeecommsmag = "IEEE Comms. Mag."}
@STRING{ieeespmag = "IEEE Signal Processing Mag."}
@STRING{ieeejsac = "IEEE J. Sel. Areas Commun."}
@STRING{ieeespl = "IEEE Signal Process. Letters"}
@STRING{ieeecl = "IEEE Commun. Letters"}
@STRING{ieeetaes = "IEEE Trans. Aerospace Elec. Systems"}
@STRING{ieeetassp = "IEEE Trans. Acoust. Speech Signal Process."}
@STRING{ieeetb = "IEEE Trans. Broadcasting"}
@STRING{ieeetbe = "IEEE Trans. Biomed. Eng."}
@STRING{ieeetcs = "IEEE Trans. Circuits Systems"}
@STRING{ieeetc = "IEEE Trans. Commun."}
@STRING{ieeetce = "IEEE Trans. Consumer Elec."}
@STRING{ieeetim = "IEEE Trans. Instrument. Meas."}
@STRING{ieeetit = "IEEE Trans. Inf. Theory"}
@STRING{ieeetsp = "IEEE Trans. Signal Process."}
@STRING{ieeetvt = "IEEE Trans. Veh. Technol."}
@STRING{ieeetwc = "IEEE Trans. Wireless Commun."}
@STRING{ieeewcl = "IEEE Wireless Commun. Letters"}
@STRING{ijss = "Internat. J. Systems Sci."}
@STRING{iretit = "IRE Trans. Inform. Theory"}
@STRING{jalg = "J.~Algorithms"}
@STRING{jappphys = "J.~Appl. Phys."}
@STRING{jaustmsa = "J.~Austral. Math. Soc. Ser.~A"}
@STRING{jota = "J.~Optim. Theory Appl."}
@STRING{jphysa = "J. Phys. A: Math. Gen."}
@STRING{jramath = "J.~Reine Angew. Math."}
@STRING{jrsssa = "J.~Roy. Statist. Soc. Ser.~A General"}
@STRING{jrsssb = "J.~Roy. Statist. Soc. Ser.~B Stat. Methodol."}
@STRING{kap = "Kluwer Acad. Publ."}
@STRING{lncs = "Lecture Notes in Computer Science"}
@STRING{mathann = "Math. Ann."}
@STRING{mathcomp = "Math. Comp."}
@STRING{mathprog = "Math. Programming"}
@STRING{nmab = "Nouv. M{\'e}m. Acad. Berlin"}
@STRING{oup = "Oxford University Press"}
@STRING{physreva = "Phys. Rev. A"}
@STRING{physrevb = "Phys. Rev. B"}
@STRING{physrevc = "Phys. Rev. C"}
@STRING{physrevd = "Phys. Rev. D"}
@STRING{physreve = "Phys. Rev. E"}
@STRING{pire = "Proc. IRE"}
@STRING{plms2 = "Proc. London Math. Soc.~(2)"}
@STRING{plms3 = "Proc. London Math. Soc.~(3)"}
@STRING{probit = "Probl. Inf. Trans."}
@STRING{probpi = "Problemy Peredachi Informatsii"}
@STRING{proceusipco = "Proc. European Signal Process. Conf."}
@STRING{procgcom = "Proc. IEEE Global Commun. Conf. (GLOBECOM)"}
@STRING{procgcomWS = "Proc. IEEE Global Commun. Conf. Workshops (GLOBECOM Workshops)"}
@STRING{procicassp = "Proc. Internat. Conf. Acoust. Speech Signal Process."}
@STRING{procicspat = "Proc. Internat. Conf. Signal Process. Appl. Tech."}
@STRING{procieee = "Proc. IEEE"}
@STRING{procire = "Proc. IRE"}
@STRING{procisit = "Proc. IEEE Int. Symp. on Inform. Theory (ISIT)"}
@STRING{prociswcs = "Proc. IEEE Int. Symp. on Wireless Commun. Systems (ISWCS)"}
@STRING{procicc = "Proc. IEEE Int. Conf. on Comm. (ICC)"}
@STRING{prociccWS = "Proc. IEEE Int. Conf. on Comm. Workshops (ICC Workshops)"}
@STRING{procicspcs = "Proc. IEEE Int. Conf. on Sig. Proc. and Commun. Syst. (ICSPCS)"}
@STRING{procisspa = "Proc. Internat. Sympos. Signal Process. Appl."}
@STRING{procpimrc = "Proc. IEEE Int. Symp. on Personal, Indoor and Mob. Radio Commun. (PIMRC)"}
@STRING{procspie = "Proc. SPIE"}
@STRING{procvtc = "Proc. IEEE Veh. Tech. Conference (VTC)"}
@STRING{procwcnc = "Proc. IEEE Wireless Commun. Networking Conference (WCNC)"}
@STRING{siamjcomp = "SIAM J. Comput."}
@STRING{sigproc = "Signal Process."}
@STRING{springer = "{Springer-Verlag}"}
@STRING{svskmnk = "Skr. Vidensk. Selsk. Kristiana, mat. nat. kl."}
@STRING{wiley = "John Wiley \& Sons"}






%%%%%%%%%%%%%%%%%%%%%%%%%%%%
% This code is to reduce the list of authors by using et. al:
% CTLuse_forced_etal is required to indicate that you actually want to shorten author lists.
% CTLmax_names_forced_etal Gives the maximum number of authors before it shortens the list. 
% CTLnames_show_etal Allows you to specify how many names will be given when it does shorten.
@IEEEtranBSTCTL{IEEEexample:BSTcontrol,
CTLdash_repeated_names= "no",
CTLuse_forced_etal       = "yes",
CTLmax_names_forced_etal = "2",
CTLnames_show_etal       = "1" }
%%%%%%%%%%%%%%%%%%%%%%%%%%%%

@ARTICLE{KimKimRyu2022,
  author={Kim, Seongjun and Kim, Minsu and Ryu, Jong Yeol and Lee, Jemin and Quek, Tony Q. S.},
  journal={IEEE Access}, 
  title={Non-Terrestrial Networks for {UAVs}: Base Station Service Provisioning Schemes With Antenna Tilt}, 
  year={2022},
  volume={10},
  number={},
  pages={41537-41550},}

@MISC{Flyka,
Author = {{Flyka News}},
Title ={{\$1.5 trillion: Morgan Stanley predicts VTOL market volume by the year 2040}},
Note = {\url{https://flyka.aero/tpost/0ecgv54hx1-15-trillion-morgan-stanley-predicts-vtol}}
}

@ARTICLE{WinPinShe2009,
  author={Win, Moe Z. and Pinto, Pedro C. and Shepp, Lawrence A.},
  journal={Proc. IEEE}, 
  title={A Mathematical Theory of Network Interference and Its Applications}, 
  year={2009},
  volume={97},
  number={2},
  pages={205-230},}
  
@ARTICLE{HaeAndBac2009,
  author={Haenggi, Martin and Andrews, Jeffrey G. and Baccelli, Francois and Dousse, Olivier and Franceschetti, Massimo},
  journal=IEEE_J_JSAC,
  title={Stochastic geometry and random graphs for the analysis and design of wireless networks}, 
  year={2009},
  volume={27},
  number={7},
  pages={1029-1046}}
  
@MISC{Fortune,
Author = {{Fortune Business Insights}},
Title ={{Urban air mobility market}},
Note = {\url{https://www.fortunebusinessinsights.com/urban-air-mobility-uam-market-106344}}
}

@MISC{Diginomica,
Author = {{Diginomica}},
Title ={{More drones in the sky in one day than planes in a year}},
Note = {\url{https://diginomica.com/more-drones-sky-one-day-planes-year-amazonian-number-crunching}}
}

@MISC{GSMA,
Author = {{GSMA, Global UTM Association}},
Title ={{LTE Aerial Profile}},
Note = {\url{https://www.gsma.com/iot/wp-content/uploads/2020/11/ACJA-WT3-LTE-Aerial-Profile_v1.00-2.pdf}}
}

@ARTICLE{VinMinPol2020,
  author={Vinogradov, Evgenii and Minucci, Franco and Pollin, Sofie},
  journal={IEEE Vehicular Technology Magazine}, 
  title={Wireless Communication for Safe {UAVs}: From Long-Range Deconfliction to Short-Range Collision Avoidance}, 
  year={2020},
  volume={15},
  number={2},
  pages={88-95},}

  @INPROCEEDINGS{KarGerJafICC2023,
  title={Analysis of {UAV} Corridors in Cellular Networks},
  author={Karimi-Bidhendi, Saeed and Geraci, Giovanni and Jafarkhani, Hamid},
  booktitle={Proc. IEEE ICC},
  pages={1-6},
year={2023}
}

  @INPROCEEDINGS{BerLopPio2023,
  title={A Novel Metric for {mMIMO} Base Station Association for Aerial Highway Systems},
  author={Matteo Bernab\`{e} and David L\'{o}pez-P\'{e}rez and Nicola Piovesan and Giovanni Geraci and David Gesbert},
booktitle = {Proc. IEEE ICC Workshops},
  year={2023},
  pages={1-6},
}

  @INPROCEEDINGS{BerLopGes2022,
  title={On the Optimization of Cellular Networks for {UAV} Aerial Corridor Support},
  author={Matteo Bernab\`{e} and David L\'{o}pez-P\'{e}rez and David Gesbert and Harvey Bao},
booktitle = {Proc. IEEE Globecom},
  year={2022},
  pages={1-6},
}

@INPROCEEDINGS{BenGerLop2022,
  title={{UAV} Communications in Integrated Terrestrial and Non-terrestrial Networks},
  author={Mohamed Benzaghta and Giovanni Geraci and Rasoul Nikbakht and David L\'{o}pez-P\'{e}rez},
booktitle = {Proc. IEEE Globecom},
  year={2022},
  pages={1-6},
}

@article{GerLopBen2022,
  title={Integrating Terrestrial and Non-terrestrial Networks: {3D} Opportunities and Challenges},
  author={Geraci, Giovanni and L\'{o}pez-P\'{e}rez, David and Benzaghta, Mohamed and Chatzinotas, Symeon},
  journal={IEEE Commun. Mag.},
  year={2023},
  volume={},
  number={},
  pages={1-7},
}

@INPROCEEDINGS{SinBhaOzt2021,
  author={Singh, Simran and Bhattacherjee, Udita and Ozturk, Ender and Guvenc, Ismail and Dai, Huaiyu and Sichitiu, Mihail and Bhuyan, Arupjyoti},
  booktitle={Proc. IEEE VTC-Spring}, 
  title={Placement of {mmWave} Base Stations for Serving Urban Drone Corridors}, 
  year={2021},
  volume={},
  number={},
  pages={1-6},}
  
 @ARTICLE{BayTheCac2021,
  author={Bayerlein, Harald and Theile, Mirco and Caccamo, Marco and Gesbert, David},
journal={IEEE Open J. Commun. Society},
  title={Multi-{UAV} Path Planning for Wireless Data Harvesting With Deep Reinforcement Learning}, 
  year={2021},
  volume={2},
  number={},
  pages={1171-1187},}
  
  @INPROCEEDINGS{EsrGanGes2020,
  author={Esrafilian, Omid and Gangula, Rajeev and Gesbert, David},
  booktitle={Proc. IEEE ICC}, 
  title={{3D}-Map Assisted {UAV} Trajectory Design Under Cellular Connectivity Constraints}, 
  year={2020},
  volume={},
  number={},
  pages={1-6},}
  
  @INPROCEEDINGS{BulGuv2018,
  author={Bulut, Eyuphan and Guvenc, Ismail},
  booktitle={Proc. IEEE ICC Workshops}, 
  title={Trajectory Optimization for Cellular-Connected {UAVs} with Disconnectivity Constraint}, 
  year={2018},
  volume={},
  number={},
  pages={1-6},}
  
 @article{xiao2021survey,
  title={A survey on millimeter-wave beamforming enabled UAV communications and networking},
  author={Xiao, Zhenyu and Zhu, Lipeng and Liu, Yanming and Yi, Pengfei and Zhang, Rui and Xia, Xiang-Gen and Schober, Robert},
  journal={IEEE Communications Surveys \& Tutorials},
  year={2021},
  publisher={IEEE}
}

@article{GerGarAza2022,
  title={What will the future of {UAV} cellular communications be? {A} flight from {5G} to {6G}},
  author={Geraci, Giovanni and Garcia-Rodriguez, Adrian and Azari, M Mahdi and Lozano, Angel and Mezzavilla, Marco and Chatzinotas, Symeon and Chen, Yun and Rangan, Sundeep and Di Renzo, Marco},
  journal=IEEE_O_CSTO,
  year={2022},
  volume={24},
  number={3},
  pages={1304-1335},}
}

@article{zhang2019survey,
  title={A survey on 5G millimeter wave communications for UAV-assisted wireless networks},
  author={Zhang, Long and Zhao, Hui and Hou, Shuai and Zhao, Zhen and Xu, Haitao and Wu, Xiaobo and Wu, Qiwu and Zhang, Ronghui},
  journal={IEEE Access},
  volume={7},
  pages={117460--117504},
  year={2019},
  publisher={IEEE}
}

@book{saad2020wireless,
  title={Wireless Communications and Networking for Unmanned Aerial Vehicles},
  author={Saad, Walid and Bennis, Mehdi and Mozaffari, Mohammad and Lin, Xingqin},
  year={2020},
  publisher={Cambridge University Press}
}

@article{rodriguez2020air,
  title={Air-to-ground channel characterization for low-height UAVs in realistic network deployments},
  author={Rodr{\'\i}guez-Pi{\~n}eiro, Jos{\'e} and Dom{\'\i}nguez-Bola{\~n}o, Tom{\'a}s and Cai, Xuesong and Huang, Zeyu and Yin, Xuefeng},
  journal={IEEE Transactions on Antennas and Propagation},
  volume={69},
  number={2},
  pages={992--1006},
  year={2020},
  publisher={IEEE}
}

@article{azari2019cellular,
  title={Cellular connectivity for {UAV}s: Network modeling, performance analysis, and design guidelines},
  author={Azari, M Mahdi and Rosas, Fernando and Pollin, Sofie},
  journal={IEEE Trans. Wireless Commun.},
  volume={18},
  number={7},
  pages={3366--3381},
  year={2019},
  publisher={IEEE}
}

@article{van2016lte,
  title={LTE in the sky: Trading off propagation benefits with interference costs for aerial nodes},
  author={Van der Bergh, Bertold and Chiumento, Alessandro and Pollin, Sofie},
  journal={IEEE Communications Magazine},
  volume={54},
  number={5},
  pages={44--50},
  year={2016},
  publisher={IEEE}
}

@inproceedings{sae2020reliability,
  title={Reliability of UAV connectivity in dual-MNO networks: A performance measurement campaign},
  author={S{\"a}e, Joonas and Wir{\'e}n, Richard and Kauppi, Juhani and Torsner, Johan and Andreev, Sergey and Valkama, Mikko},
  booktitle={2020 IEEE International Conference on Communications Workshops (ICC Workshops)},
  pages={1--5},
  year={2020},
  organization={IEEE}
}

@article{bacco2022air,
  title={Air-to-ground real-time multimedia delivery: A multipath testbed},
  author={Bacco, Manlio and Cassar{\`a}, Pietro and Gotta, Alberto},
  journal={Vehicular Communications},
  volume={33},
  pages={100443},
  year={2022},
  publisher={Elsevier}
}

@inproceedings{singh2020spectrum,
  title={Spectrum reuse among aerial and ground users in mmWave cellular networks in urban settings},
  author={Singh, Simran and Sunkara, Sri Latha and Guvenc, Ismail and Bhuyan, Arupjyoti and Dai, Huaiyu and Sichitiu, Mihail L},
  booktitle={2020 IEEE 17th Annual Consumer Communications \& Networking Conference (CCNC)},
  pages={1--6},
  year={2020},
  organization={IEEE}
}

@article{ChoGuvSaa2021,
  title={Ensuring Reliable Connectivity to Cellular-Connected {UAVs} with Uptilted Antennas and Interference Coordination},
  author={Chowdhury, Md Moin Uddin and Guvenc, Ismail and Saad, Walid and Bhuyan, Arupjyoti},
  journal={ITU J. Future and Evolving Technol.},
  year={2021}
}

@inproceedings{BhuGuvDai2021,
  title={Secure {5G} network for a nationwide drone corridor},
  author={Bhuyan, Arupjyoti and Guvenc, Ismail and Dai, Huaiyu and Sichitiu, Mihail L and Singh, Simran and Rahmati, Ali and Maeng, Sung Joon},
  booktitle={IEEE Aerospace Conference},
  pages={1--10},
  year={2021},
}


@article{MaeChoGuv2021,
  title={Base station antenna uptilt optimization for cellular-connected drone corridors},
  author={Maeng, Sung Joon and Chowdhury, Md Moin Uddin and G{\"u}ven{\c{c}}, {\.I}smail and Bhuyan, Arupjyoti and Dai, Huaiyu},
  journal={IEEE Transactions on Aerospace and Electronic Systems},
  year={2023},
  publisher={IEEE}
}



@inproceedings{chen20215g,
  title={5G Air-to-Ground Network Design and Optimization: A Deep Learning Approach},
  author={Chen, Yun and Lin, Xingqin and Khan, Talha and Afshang, Mehrnaz and Mozaffari, Mohammad},
  booktitle={2021 IEEE 93rd Vehicular Technology Conference (VTC2021-Spring)},
  pages={1--6},
  year={2021},
  organization={IEEE}
}

@inproceedings{kumbhar2019interference,
  title={Interference coordination for aerial and terrestrial nodes in three-tier LTE-advanced HetNet},
  author={Kumbhar, Abhaykumar and Binol, Hamidullah and Guven{\c{c}}, {\.I}smail and Akkaya, Kemal},
  booktitle={2019 IEEE Radio and Wireless Symposium (RWS)},
  pages={1--4},
  year={2019},
  organization={IEEE}
}

@article{mei2019cooperative,
  title={Cooperative downlink interference transmission and cancellation for cellular-connected UAV: A divide-and-conquer approach},
  author={Mei, Weidong and Zhang, Rui},
  journal={IEEE Transactions on Communications},
  volume={68},
  number={2},
  pages={1297--1311},
  year={2019},
  publisher={IEEE}
}

@article{amer2019toward,
  title={Toward a connected sky: Performance of beamforming with down-tilted antennas for ground and UAV user co-existence},
  author={Amer, Ramy and Saad, Walid and Marchetti, Nicola},
  journal={IEEE Communications Letters},
  volume={23},
  number={10},
  pages={1840--1844},
  year={2019},
  publisher={IEEE}
}

@article{GerGarGal2018,
  title={Understanding {UAV} cellular communications: From existing networks to massive {MIMO}},
  author={Geraci, Giovanni and Garcia-Rodriguez, Adrian and Galati Giordano, Lorenzo and L{\'o}pez-P{\'e}rez, David and Bj{\"o}rnson, Emil},
  journal={IEEE Access},
  volume={6},
  pages={67853--67865},
  year={2018},
}

@ARTICLE{Yates1995,
  author={R. D. {Yates}},
  journal={IEEE J. Sel. Areas Commun.}, 
  title={A framework for uplink power control in cellular radio systems}, 
  year={1995},
  volume={13},
  number={7},
  pages={1341--1347},
  month={Sep.},
}




@inproceedings{xia2019uav, 
    author={W. {Xia} and M. {Polese} and M. {Mezzavilla} and G. {Loianno} and S. {Rangan} and M. {Zorzi}}, 
    booktitle={16th Annual IEEE International Conference on Sensing, Communication, and Networking (SECON)}, 
    title={Millimeter Wave Remote {UAV} Control and Communications for Public Safety Scenarios}, 
    year={2019}, 
    keywords={Drones;Millimeter wave communication;Safety;5G mobile communication;Throughput;Base stations;UAV;mmWave;remote control;performance evaluation}, 
    month={}
} %June

@ARTICLE{3GPPRP212715, 
    author={3GPP},
    title={{RP-212715 New Work Item ID on NR support for UAV}},
    year={2021}
}

@ARTICLE{MozSaaBen2018,
author={M. {Mozaffari} and W. {Saad} and M. {Bennis} and Y. {Nam} and M. {Debbah}},
journal=IEEE_O_CSTO,
title={A Tutorial on {UAVs} for Wireless Networks: {A}pplications, Challenges, and Open Problems},
year={2019},
volume={21},
number={3},
pages={2334-2360},
month={{third quarter}},}

@article{ZenLyuZha2019,
author    = {Y.~Zeng and J.~Lyu and R.~Zhang},
title     = {Cellular-Connected {UAV}: Potentials, Challenges and Promising Technologies},
journal = {IEEE Wireless Commun.},
year={2019},
month={},
volume={26}, 
number={1}, 
pages={120-127}, 
} %Feb.

@article{AzaRosPol2019,
	title={Cellular connectivity for {UAVs}: Network modeling, performance analysis and design guidelines},
	author={Azari, M Mahdi and Rosas, Fernando and Pollin, Sofie},
	journal={IEEE Trans. Wireless Commun.},
	year={2019},
  volume={18},
  number={7},
  pages={3366-3381},
	month={},
} % July

@article{NguAmoWig2018,
author    = {{H.~C.~Nguyen} and R.~Amorim and J.~Wigard and {I.~Z.~Kov\'{a}cs} and {T.~B.~S{\o}rensen} and {P.~Mogensen}},
journal={IEEE Access},
title     = {How to ensure reliable connectivity for aerial vehicles over cellular networks},
year={2018},
volume={6},
pages={12304-12317},
month={},
} %Feb.

@ARTICLE{GarGerLop2019,
author={{A.~Garcia-Rodriguez} and G.~Geraci and {D.~L\'{o}pez-P\'{e}rez} and {L.~Galati Giordano} and M.~Ding and {E.~Bj\"{o}rnson}},
journal = IEEE_M_COM,
title={The Essential Guide to Realizing {5G}-Connected {UAVs} with Massive {MIMO}},
year={2019},
volume={57},
number={12},
pages={84--90}
}

@ARTICLE{LinWirEul2019,
  author={X. {Lin} and R. {Wiren} and S. {Euler} and A. {Sadam} and H. {Määttänen} and S. {Muruganathan} and S. {Gao} and {Y.-E. Wang} and J. {Kauppi} and Z. {Zou} and V. {Yajnanarayana}},
  journal=IEEE_M_VT, 
  title={Mobile Network-Connected Drones: Field Trials, Simulations, and Design Insights}, 
  year={2019},
  volume={14},
  number={3},
  pages={115-125},}
  
@INPROCEEDINGS{XiaRanMez2020,
author={W. Xia and S. Rangan and M. Mezzavilla and A. Lozano and G. Geraci and V. Semkin and G. Loianno}, 
title={Millimeter Wave Channel Modeling via Generative Neural Networks},
booktitle = {Proc. IEEE Globecom Workshops.},
year={2020},
pages={1-6},}
}

@InProceedings{Alkhateeb2019,
author = {Alkhateeb, A.},
title = {{DeepMIMO}: A Generic Deep Learning Dataset for Millimeter Wave and Massive {MIMO} Applications},
booktitle = {Proc. of Information Theory and Applications Workshop (ITA)},
year = {2019},
pages = {1-8},
month = {},
Address = {San Diego, CA}, } %Feb.

@article{wu2017general,
  title={A general {3-D} non-stationary {5G} wireless channel model},
  author={Wu, Shangbin and Wang, Cheng-Xiang and Aggoune, el-Hadi M. and Alwakeel, Mohammed M. and You, Xiaohu},
  journal={IEEE Trans. Commun.},
  volume={66},
  number={7},
  pages={3065--3078},
  year={2017}
}

@ARTICLE{8985539,
  author={H. {Ye} and L. {Liang} and G. Y. {Li} and B. {Juang}},
  journal={IEEE Trans. Wireless Commun.}, 
  title={Deep Learning-Based End-to-End Wireless Communication Systems With Conditional {GANs} as Unknown Channels}, 
  year={2020},
  volume={19},
  number={5},
  pages={3133--3143}
}

@ARTICLE{KovMolSam2018,
  author={Kovalchukov, Roman and Moltchanov, Dmitri and Samuylov, Andrey and Ometov, Aleksandr and Andreev, Sergey and Koucheryavy, Yevgeni and Samouylov, Konstantin},
  journal=ieeetvt, 
  title={Analyzing Effects of Directionality and Random Heights in Drone-Based {mmWave} Communication}, 
  year={2018},
}

@ARTICLE{dabiri2019analytical,
title={Analytical Channel Models for Millimeter Wave {UAV} Networks under Hovering Fluctuations}, 
      author={Mohammad Taghi Dabiri and Hossein Safi and Saeedeh Parsaeefard and Walid Saad},
journal = {{arXiv preprint 1905.01477}},
year={2019},
}

@ARTICLE{shakhatreh2021modeling,
title={Modeling Ground-to-Air Path Loss for Millimeter Wave {UAV} Networks}, 
      author={Hazim Shakhatreh and Waed Malkawi and Ahmad Sawalmeh and Muhannad Almutiry and Ali Alenezi},
journal = {{arXiv preprint 2101.12024}},
year={2021},
}

@ARTICLE{GarMohJai2020,
  author={S. {Garcia Sanchez} and S. {Mohanti} and D. {Jaisinghani} and K. R. {Chowdhury}},
  journal=IEEE_J_MC, 
  title={Millimeter-wave Base Stations in the Sky: An Experimental Study of {UAV}-to-Ground Communications}, 
  year={2020},
}

@book{ZenGuvZha2020,
  title={{{UAV} Communications for {5G} and Beyond}},
  author={Y. Zeng and I. Guvenc and R. Zhang and G. Geraci and D. W. Matolak},
  year={2020},
  publisher={John Wiley \& Sons},
}

@article{mozaffari2019ControlsDroneAntenna,
author={M. {Mozaffari} and W. {Saad} and M. {Bennis} and M. {Debbah}},
journal=ieeetc,
title={{Communications and Control for Wireless Drone-Based Antenna Array}},
year={2019},
volume={67},
number={1},
pages={820-834},
keywords={antenna arrays;bang-bang control;convex programming;optimisation;perturbation techniques;position control;remotely operated vehicles;ground user;airborne service time;wireless transmission time;antenna array gain;drone spacing optimization problem;perturbed convex optimization problems;minimum control time;fixed-array case;fixed uniform antenna array;drone antenna array system;wireless drone-based antenna array;aerial antenna array;quadrotor drones;drone-based antenna array system;bang-bang control theory;Drones;Wireless communication;Phased arrays;Arrays;Three-dimensional displays;Linear antenna arrays;Drone;UAV;antenna array;wireless communications;beamforming;control;optimization;service time},
doi={10.1109/TCOMM.2018.2871453},
ISSN={0090-6778},
month={},
} %Jan

@INPROCEEDINGS{heimann2018pencilbeam,
author={K. {Heimann} and J. {Tiemann} and S. {Boecker} and C. {Wietfeld}},
booktitle={WSA 2018; 22nd International ITG Workshop on Smart Antennas},
title={{On the Potential of {5G} mmWave Pencil Beam Antennas for {UAV} Communications: An Experimental Evaluation}},
volume={},
number={},
pages={1-6},
year={2018},
keywords={},
doi={},
ISSN={},
month={},
} %March

@INPROCEEDINGS{cuverlier2018mmWaveAerial,
author={T. {Cuvelier} and R. W. {Heath}},
booktitle={15th International Symposium on Wireless Communication Systems (ISWCS)},
title={{MmWave MU-MIMO for Aerial Networks}},
year={2018},
volume={},
number={},
pages={1-6},
keywords={aircraft communication;MIMO communication;Monte Carlo methods;high bandwidth;air-to-air communication;rate performance;multiuser MIMO configuration;central hub;hybrid subarray architecture;single path channels;realistic atmospheric attenuation effects;millimeter wave MU-MIMO networks;next-generation aerial networks;MmWave MU-MIMO;Monte Carlo simulation;mathematical framework;Atmospheric modeling;Array signal processing;Aircraft;Uplink;Bandwidth;MIMO communication},
doi={10.1109/ISWCS.2018.8491045},
ISSN={2154-0225},
month={},
} %Aug

@ARTICLE{zhong2019uavUnstableBeam,
author={W. {Zhong} and L. {Xu} and Q. {Zhu} and X. {Chen} and J. {Zhou}},
journal={China Communications},
title={{MmWave Beamforming for {UAV} Communications with Unstable Beam Pointing}},
year={2019},
volume={16},
number={1},
pages={37-46},
keywords={Radio frequency;Precoding;Unmanned aerial vehicles;Matching pursuit algorithms;Array signal processing;Tracking;Antennas;UAV communications;mmWave beamforming;unstable beam pointing;beam tracking;orthogonal matching pursuit (OMP)},
doi={},
ISSN={1673-5447},
month={},
} %Jan

@ARTICLE{zhu2019flexCoverage,
author={L. {Zhu} and J. {Zhang} and Z. {Xiao} and X. {Cao} and D. O. {Wu} and X. {Xia}},
journal=ieeewcl,
title={{3-D Beamforming for Flexible Coverage in Millimeter-Wave {UAV} Communications}},
year={2019},
volume={8},
number={3},
pages={837-840},
keywords={aerospace communication;antenna phased arrays;array signal processing;autonomous aerial vehicles;millimetre wave communication;mobility management (mobile radio);planar antenna arrays;millimeter-wave UAV communications;unmanned aerial vehicle communications;high capacity;long transmission distance;target coverage area;flexible beamforming;power efficiency;mmWave UAV communications;phased uniform planar array;flexible beam coverage;beamforming gain;large coverage range;3D beamforming;future air-to-ground networks;millimeter-wave beamforming;mmWave beamforming;subarray technique;Array signal processing;Three-dimensional displays;Shape;Phased arrays;Millimeter wave communication;Millimeter wave technology;UAV;mmWave communications;3D beamforming;flexible coverage},
doi={10.1109/LWC.2019.2895597},
ISSN={2162-2345},
month = {},
} %June

@inproceedings{zhang2017ns3mimo, 
author = {Zhang, Menglei and Polese, Michele and Mezzavilla, Marco and Rangan, Sundeep and Zorzi, Michele}, 
title = {{Ns-3 Implementation of the 3GPP MIMO Channel Model for Frequency Spectrum above 6 GHz}}, 
year = {2017}, 
isbn = {9781450352192}, 
publisher = {Association for Computing Machinery}, 
address = {New York, NY, USA}, 
url = {https://doi.org/10.1145/3067665.3067678}, 
doi = {10.1145/3067665.3067678}, 
booktitle = {Proceedings of the Workshop on Ns-3}, 
pages = {71–78}, 
numpages = {8}, 
keywords = {mmWave, Cellular, Propagation, 5G, Channel, 3GPP}, 
location = {Porto, Portugal}, 
series = {WNS3 ’17} 
}


@inproceedings{xing2018propagation,
  title={{Propagation Measurement System and Approach at 140 GHz-Moving to 6G and Above 100 GHz}},
  author={Xing, Yunchou and Rappaport, Theodore S},
  booktitle=procgcom,
  pages={1--6},
  year={2018}
}

@article{shafi20175g,
  title={{{5G}: A Tutorial Overview of Standards, Trials, Challenges, Deployment, and Practice}},
  author={Shafi, Mansoor and Molisch, Andreas F and Smith, Peter J and Haustein, Thomas and Zhu, Peiying and De Silva, Prasan and Tufvesson, Fredrik and Benjebbour, Anass and Wunder, Gerhard},
  journal=IEEE_J_JSAC,
  volume={35},
  number={6},
  pages={1201--1221},
  year={2017},
  publisher={IEEE}
}


@inproceedings{skrimponis2020power,
  title={{Power Consumption Analysis for Mobile MmWave and Sub-THz Receivers}},
  author={Panagiotis Skrimponis and Sourjya Dutta and Marco Mezzavilla and and Sundeep Rangan and Seyed Hadi Mirfarshbafan and Christoph Studer and James Buckwalter and Mark Rodwell},
  booktitle={Proc.\ IEEE 6G Wireless Summit},
  pages={},
  year={2020}
}

@inproceedings{rosker2007imaging,
  title={{Imaging Through the Atmosphere at Terahertz Frequencies}},
  author={Rosker, Mark J and Wallace, H Bruce},
  booktitle={Proc.\ IEEE/MTT-S International Microwave Symposium},
  pages={773--776},
  year={2007},
}

@article{liebe1989millimeter,
  title={{Millimeter-Wave Attenuation and Delay Rates Due to Fog/Cloud Conditions}},
  author={Liebe, Hans J and Manabe, Takeshi and Hufford, George A},
  journal=IEEE_J_AP,
  volume={37},
  number={12},
  pages={1612--1617},
  year={1989},
  publisher={IEEE}
}

@inproceedings{ahmed2020pa140,
  title={{A 140GHz Power Amplifier with 20.5dBm Output Power and 20.8\% PAE in 250-nm
InP HBT Technology}},
  author={S. H. Ahmed and Ali A. Farid and  Miguel Urteaga and James Buckwalter and  Mark J.\
W. Rodwell},
  booktitle={Submitted to IEEE International Microwave Symposium (IMS)},
  pages={},
  year={2020}
}

@inproceedings{polesea2a,
  title={{An Experimental mmWave Channel Model
for {UAV}-to-{UAV} Communications}},
  author={M. Polese and L. Bertizzolo and L. Bonati and A. Gosain and T. Melodia},
  booktitle={Accepted at the 4th ACM Workshop on Millimeter-wave Networks and Sensing Systems (mmNets’20)},
  pages={},
  year={2020}
}



@inproceedings{ChenRfic2018, 
    author={Z. {Chen} and H. {Gao} and D. {Leenaerts} and D. {Milosevic} and P. {Baltus}}, 
    booktitle={Proc. IEEE RFIC}, 
    title={{{A} 29--37 {GHz BiCMOS} Low-Noise Amplifier with 28.5 {dB} Peak Gain and 3.1-4.1 {dB} {NF}}}, 
    year={2018}, 
    volume={}, 
    number={}, 
    pages={288-291}, 
    month={}
} %June

@inproceedings{simsek2018140,
  title={{A 140 GHz MIMO Transceiver in 45 nm SOI CMOS}},
  author={Simsek, Arda and Kim, Seong-Kyun and Rodwell, Mark J.W.},
  booktitle={Proc.\ IEEE BICMOS and Compound Semiconductor Integrated Circuits and Technology Symposium (BCICTS)},
  pages={231--234},
  year={2018}
}


@ARTICLE{Garg17RTPS, 
    author={R. Garg and A. S. Natarajan}, 
    journal={IEEE Trans. Microw. Theory Tech.}, 
    title={{A 28-{GHz} Low-Power Phased-Array Receiver Front-End With 360\textsuperscript{o} {RTPS} Phase Shift Range}}, 
    year={2017}, 
    volume={65}, 
    number={11}, 
    pages={4703-4714},
    month={}
} %Nov

@ARTICLE{8869705,
  author={W. {Saad} and M. {Bennis} and M. {Chen}},
  journal={IEEE Network}, 
  title={A Vision of {6G} Wireless Systems: {A}pplications, Trends, Technologies, and Open Research Problems}, 
  year={2020},
  volume={34},
  number={3},
  pages={134-142},
  doi={10.1109/MNET.001.1900287}}
  
@ARTICLE{9040264,
  author={M. {Giordani} and M. {Polese} and M. {Mezzavilla} and S. {Rangan} and M. {Zorzi}},
  journal=IEEE_M_COM, 
  title={Toward {6G} Networks: {U}se Cases and Technologies}, 
  year={2020},
  volume={58},
  number={3},
  pages={55-61},
  doi={10.1109/MCOM.001.1900411}}

@INPROCEEDINGS{8746579,
  author={R. {Amorim} and I. Z. {Kovacs} and J. {Wigard} and G. {Pocovi} and T. B. {Sorensen} and P. {Mogensen}},
  booktitle=procvtc, 
  title={Improving Drone's Command and Control Link Reliability through Dual-Network Connectivity}, 
  year={2019},
  volume={},
  number={},
  pages={1-6},
  doi={10.1109/VTCSpring.2019.8746579}}

@article{sadhu201728,
  title={{A 28-GHz 32-Element TRX Phased-Array IC with Concurrent Dual-Polarized Operation and Orthogonal Phase and Gain Control for {5G} Communications}},
  author={B. {Sadhu} and Y. {Tousi} and J. {Hallin} and S. {Sahl} and S. K. {Reynolds} and Ö. {Renström} and K. {Sjögren} and O. {Haapalahti} and N. {Mazor} and B. {Bokinge} and G. {Weibull} and H. {Bengtsson} and A. {Carlinger} and E. {Westesson} and J. {Thillberg} and L. {Rexberg} and M. {Yeck} and X. {Gu} and M. {Ferriss} and D. {Liu} and D. {Friedman} and A. {Valdes-Garcia}},
  journal={IEEE Journal of Solid-State Circuits},
  volume={52},
  number={12},
  pages={3373--3391},
  year={2017},
  publisher={IEEE}
}

@article{shen2012overview,
  title={{Overview of 3GPP LTE-Advanced Carrier Aggregation for 4G Wireless Communications}},
  author={Shen, Zukang and Papasakellariou, Aris and Montojo, Juan and Gerstenberger, Dirk and Xu, Fangli},
  journal=IEEE_M_COM,
  volume={50},
  number={2},
  pages={122--130},
  year={2012}
}

@ARTICLE{3GPP38300, 
    author={3GPP},
    title={{TS} 38.300, {NR} and {NG-RAN} {O}verall {D}escription; {S}tage 2},
    year={2017}
}

@ARTICLE{3GPP38104, 
    author={3GPP},
    title={{TS} 38.104, {Base Station (BS) Radio Transmission and Reception}},
    year={2019}
}

@inproceedings{mogensen2007lte,
  title={{LTE capacity compared to the Shannon bound}},
  author={Mogensen, Preben and Na, Wei and Kov{\'a}cs, Istv{\'a}n Z and Frederiksen, Frank and Pokhariyal, Akhilesh and Pedersen, Klaus I and Kolding, Troels and Hugl, Klaus and Kuusela, Markku},
  booktitle=procvtc,
  pages={1234--1238},
  year={2007},
  organization={IEEE}
}

@book{Balanis2012,
  author = {Balanis, Constantine A},
  publisher = {Wiley-Interscience},
  title = {{Antenna Theory: Analysis and Design}},
  year = {2005}
}

@ARTICLE{Hussain19,
author={N. {Hussain} and M. {Jeong} and J. {Park} and N. {Kim}},
journal={IEEE Access},
title={{A Broadband Circularly Polarized Fabry-Perot Resonant Antenna Using A Single-Layered PRS for {5G} {MIMO} Applications}},
year={2019},
volume={7},
number={},
pages={42897-42907},
doi={10.1109/ACCESS.2019.2908441},
ISSN={2169-3536},
month={},
}

@inproceedings{khawaja2017uav,
  title={{{UAV} Air-to-Ground Channel Characterization for mmWave Systems}},
  author={Khawaja, Wahab and Ozdemir, Ozgur and Guvenc, Ismail},
  booktitle=procvtc,
  year={2017}
}

@article{xiao2016enabling,
  title={{Enabling {UAV} Cellular with Millimeter-Wave Communication: Potentials and Approaches}},
  author={Xiao, Zhenyu and Xia, Pengfei and Xia, Xiang-Gen},
  journal=IEEE_M_COM,
  volume={54},
  number={5},
  pages={66--73},
  year={2016},
  publisher={IEEE}
}

@article{zhang2019research,
  title={{Research Challenges and Opportunities of {UAV} Millimeter-Wave Communications}},
  author={Zhang, Chiya and Zhang, Weizheng and Wang, Wei and Yang, Lu and Zhang, Wei},
  journal=IEEE_M_WC,
  volume={26},
  number={1},
  pages={58--62},
  year={2019},
  publisher={IEEE}
}

@article{gapeyenko2018flexible,
  title={{Flexible and Reliable {UAV}-Assisted Backhaul Operation in {5G} {mmWave} Cellular Networks}},
  author={Gapeyenko, Margarita and Petrov, Vitaly and Moltchanov, Dmitri and Andreev, Sergey and Himayat, Nageen and Koucheryavy, Yevgeni},
  journal=IEEE_J_JSAC,
  volume={36},
  number={11},
  pages={2486--2496},
  year={2018}
}


@ARTICLE{3GPP22.125, 
    author={3GPP},
    title={{TS} 22.125.  {Unmanned Aerial Systems (UAS) Support in 3GPP; Stage 1; Release 17}},
    year={2019}
}

@article{xia2006design,
  title={{Design and Analysis of Transmit-Beamforming Based on Limited-Rate Feedback}},
  author={Xia, Pengfei and Giannakis, Georgios B},
  journal=ieeetsp,
  volume={54},
  number={5},
  pages={1853--1863},
  year={2006},
  publisher={IEEE}
}

@article{giordani2018tutorial,
  title={{A Tutorial on Beam Management for 3GPP NR at mmWave Frequencies}},
  author={Giordani, Marco and Polese, Michele and Roy, Arnab and Castor, Douglas and Zorzi, Michele},
  journal=IEEE_O_CSTO,
  volume={21},
  number={1},
  pages={173--196},
  year={2018},
  publisher={IEEE}
}

@ARTICLE{8663987,
  author={Y. {Yang} and Y. {Li} and W. {Zhang} and F. {Qin} and P. {Zhu} and C. {Wang}},
  journal=IEEE_M_COM, 
  title={Generative-Adversarial-Network-Based Wireless Channel Modeling: Challenges and Opportunities}, 
  year={2019},
  volume={57},
  number={3},
  pages={22--27}
}

@INPROCEEDINGS{8685573,
  author={T. J. {O’Shea} and T. {Roy} and N. {West}},
  booktitle={Int'l Conf. Computing, Netw. and Commun. (ICNC'19)}, 
  title={Approximating the Void: Learning Stochastic Channel Models from Observation with Variational Generative Adversarial Networks}, 
  year={2019},
  pages={681--686}
}

@article{bai2018predicting,
  title={Predicting wireless {mmWave} massive {MIMO} channel characteristics using machine learning algorithms},
  author={Bai, L. and Wang, C.-X. and Huang, J. and Xu, Q. and Yang, Y. and Goussetis, G. and Sun, J. and Zhang, W.},
  journal={Wireless Commun. and Mobile Computing},
  year={2018}
}

@book{heath2018foundations,
  title={Foundations of {MIMO} Communication},
  author={Heath Jr., R. W. and Lozano, A.},
  year={2018},
  publisher={Cambridge University Press}
}

@article{3GPP36777,
author={{3GPP Technical Report 36.777}},
title={{S}tudy on Enhanced {LTE} Support for Aerial Vehicles ({R}elease 15)},
year={2017},
month={Dec.},
}

@article{3GPP38901,
author={{3GPP Technical Report 38.901}},
title={Study on channel model for frequencies from 0.5 to 100 {GHz} ({R}elease 16)},
year={2019},
month={Dec.},
}

@ARTICLE{dutta2017frame, 
author={S. {Dutta} and M. {Mezzavilla} and R. {Ford} and M. {Zhang} and S. {Rangan} and M. {Zorzi}}, 
journal=IEEE_J_TWC, 
title={Frame Structure Design and Analysis for Millimeter Wave Cellular Systems}, 
year={2017}, 
volume={16}, 
number={3}, 
pages={1508-1522}, 
keywords={4G mobile communication;5G mobile communication;access protocols;antenna arrays;array signal processing;cellular radio;Long Term Evolution;MIMO communication;multiplexing;telecommunication traffic;mmWave MAC layer frame structure design;millimeter wave cellular systems;fifth generation cellular communication;5G cellular communication;mmWave communication;granular transmission times;dynamic control signal locations;extended messaging;directional control signal multiplexing;control overhead;control periodicity;number-of-users;traffic statistics;signal-to-noise ratio;antenna gains;front-end MIMO capability assumptions;4G Long-Term Evolution;digital beamforming architectures;Array signal processing;Analog-digital conversion;Long Term Evolution;Computer architecture;Wireless communication;Antennas;MIMO;5G cellular systems;millimeter wave;frame structure;radio resource utilization;control overhead}, 
doi={10.1109/TWC.2017.2647803}, 
ISSN={1536-1276}, 
month={},}
%March

@ARTICLE{ford2017latency,
author={R. {Ford} and M. {Zhang} and M. {Mezzavilla} and S. {Dutta} and S. {Rangan} and M. {Zorzi}},
journal=IEEE_M_COM,
title="{Achieving Ultra-Low Latency in 5G Millimeter Wave Cellular Networks}",
year={2017},
volume={55},
number={3},
pages={196-203},
keywords={5G mobile communication;cellular radio;data communication;millimetre waves;ultra-low latency;5G millimeter wave cellular networks;5G cellular systems;mmWave bands;end-to-end services;reliability;mmWave cellular systems;MAC layer;congestion control;core network architecture;bit rate 20 Gbit/s;frequency 10 GHz;5G mobile communication;Mobile computing;Cloud computing;Servers;Reliability},
doi={10.1109/MCOM.2017.1600407CM},
ISSN={0163-6804},
month={},} %March

@article{ITU2012,
author={{ITU-R P.1410-5}},
title = {Propagation Data and Prediction Methods Required for the Design of Terrestrial Broadband Radio Access Systems Operating in a Frequency Range From 3 to 60 {GHz}},
year = {2012},
month = {},
} %Feb.

@ARTICLE{KhaGuvMat2019,
  author={W. {Khawaja} and I. {Guvenc} and D. W. {Matolak} and U. {Fiebig} and N. {Schneckenburger}},
  journal=IEEE_O_CSTO, 
  title={A Survey of Air-to-Ground Propagation Channel Modeling for Unmanned Aerial Vehicles}, 
  year={2019},
  volume={21},
  number={3},
  pages={2361--2391}
  }
  
  @ARTICLE{KhuCheZha2018,
  author={A. A. {Khuwaja} and Y. {Chen} and N. {Zhao} and M. S. {Alouini} and P. {Dobbins}},
  journal=IEEE_O_CSTO, 
  title={A Survey of Channel Modeling for {UAV} Communications}, 
  year={2018},
  volume={20},
  number={4},
  pages={2804--2821}
  }
  
  @ARTICLE{AmoNguMog2017,
  author={R. {Amorim} and H. {Nguyen} and P. {Mogensen} and I. Z. {Kov\'{a}cs} and J. {Wigard} and T. B. {Sørensen}},
  journal=ieeewcl, 
  title={Radio Channel Modeling for {UAV} Communication Over Cellular Networks}, 
  year={2017},
  volume={6},
  number={4},
  pages={514--517}
  }
  
  @INPROCEEDINGS{AmoNguWig2018,
  author={R. {Amorim} and H. {Nguyen} and J. {Wigard} and I. Z. {Kov\'{a}cs} and T. B. {Sorensen} and P. {Mogensen}},
  booktitle=procwcnc, 
  title={{LTE} radio measurements above urban rooftops for aerial communications}, 
  year={2018},
  pages={1-6}
  }
  
  @INPROCEEDINGS{AmoMogSor2017,
  author={R. {Amorim} and P. {Mogensen} and T. {Sorensen} and I. Z. {Kov\'{a}cs} and J. {Wigard}},
  booktitle=procvtc, 
  title={Pathloss Measurements and Modeling for {UAVs} Connected to Cellular Networks}, 
  year={2017},
  pages={1--6}
  }
  
  @article{saleh1987statistical,
  title={A statistical model for indoor multipath propagation},
  author={Saleh, A. and Valenzuela, R.},
  journal=IEEE_J_JSAC,
  volume={5},
  number={2},
  pages={128--137},
  year={1987}
}

@INPROCEEDINGS{1543924,
  author={D. S. {Baum} and J. {Hansen} and J. {Salo} and G. {Del Galdo} and M. {Milojevic} and P. {Kyösti}},
  booktitle=procvtc, 
  title={An interim channel model for beyond-{3G} systems: extending the {3GPP} spatial channel model {(SCM)}}, 
  year={2005},
  volume={5},
  pages={3132--3136}
  }
  
@INPROCEEDINGS{9136077,
  author={L. {Cheng} and Q. {Zhu} and C. {Wang} and W. {Zhong} and B. {Hua} and S. {Jiang}},
  booktitle={European Conf. Antennas and Propagation (EuCAP'20)}, 
  title={Modeling and Simulation for {UAV} Air-to-Ground {mmWave} Channels}, 
  year={2020},
  pages={1--5}
  }

@INPROCEEDINGS{8647510,
  author={R. {Nikbakht} and A. {Jonsson} and A. {Lozano}},
  booktitle=procgcom, 
  title={Dual-Kernel Online Reconstruction of Power Maps}, 
  year={2018},
  pages={1--5}
  }
  
@inproceedings{stocker1993neural,
  title={Neural network approach to prediction of terrestrial wave propagation for mobile radio},
  author={Stocker, K. and Gschwendtner, B. and Landstorfer, F.},
  booktitle={IEE Proceedings H (Microwaves, Antennas and Propagation)},
  volume={140},
  number={4},
  pages={315--320},
  year={1993}
}

@article{ostlin2010macrocell,
  title={Macrocell path-loss prediction using artificial neural networks},
  author={Ostlin, E. and Zepernick, H.-J. and Suzuki, H.},
  journal=ieeetvt,
  volume={59},
  number={6},
  pages={2735--2747},
  year={2010}
}

@article{kasparick2015kernel,
  title={Kernel-based adaptive online reconstruction of coverage maps with side information},
  author={Kasparick, M. and Cavalcante, R. and Valentin, S. and Sta{\'n}czak, S. and Yukawa, M.},
  journal=ieeetvt,
  volume={65},
  number={7},
  pages={5461--5473},
  year={2015}
}

@article{romero2017learning,
  title={Learning power spectrum maps from quantized power measurements},
  author={Romero, D. and Kim, S.-J. and Giannakis, G. and L{\'o}pez-Valcarce, R.},
  journal={IEEE Trans. Signal Processing},
  volume={65},
  number={10},
  pages={2547--2560},
  year={2017}
}

@book{dahlman20205g,
  title={{5G NR}: The next generation wireless access technology},
  author={Dahlman, Erik and Parkvall, Stefan and Skold, Johan},
  year={2020},
  publisher={Academic Press}
}

@ARTICLE{zhaodu2020,
  author={X. {Zhao} and F. {Du} and S. {Geng} and Z. {Fu} and Z. {Wang} and Y. {Zhang} and Z. {Zhou} and L. {Zhang} and L. {Yang}},
  journal=IEEE_J_JSAC, 
  title={Playback of {5G} and Beyond Measured {MIMO} Channels by an {ANN}-Based Modeling and Simulation Framework}, 
  year={2020},
  volume={38},
  number={9},
  pages={1945-1954}
}

@article{dall2011channel,
  title={Channel gain map tracking via distributed kriging},
  author={Dall'Anese, E. and Kim, S.-J. and Giannakis, G.},
  journal=ieeetvt,
  volume={60},
  number={3},
  pages={1205--1211},
  year={2011}
}

@article{huang2018big,
  title={A big data enabled channel model for {5G} wireless communication systems},
  author={Huang, J. and Wang, C.-X. and Bai, L. and Sun, J. and Yang, Y. and Li, J. and Tirkkonen, O. and Zhou, M.},
  journal={IEEE Trans. Big Data},
  year={2018}
}

@article{chang1997environment,
  title={Environment-adaptation mobile radio propagation prediction using radial basis function neural networks},
  author={Chang, P.-R. and Yang, W.-H.},
  journal=ieeetvt,
  volume={46},
  number={1},
  pages={155--160},
  year={1997}
}

@article{cal2013relevance,
  title={The relevance vector machine applied to the modeling of wireless channels},
  author={Cal-Braz, J. and Matos, L. and Cataldo, E.},
  journal={IEEE Trans. Antennas Propag.},
  volume={61},
  number={12},
  pages={6157--6167},
  year={2013}
}

@article{azpilicueta2014ray,
  title={A ray launching-neural network approach for radio wave propagation analysis in complex indoor environments},
  author={Azpilicueta, L. and Rawat, M. and Rawat, K. and Ghannouchi, F. and Falcone, F.},
  journal={IEEE Trans. Antennas Propag.},
  volume={62},
  number={5},
  pages={2777--2786},
  year={2014}
}

@article{ma2017data,
  title={Data scheme-based wireless channel modeling method: motivation, principle and performance},
  author={Ma, X. and Zhang, J. and Zhang, Y. and Ma, Z.},
  journal={J. Commun. Inform. Netw.},
  volume={2},
  number={3},
  pages={41--51},
  year={2017}
}

@article{ferreira2016improvement,
  title={Improvement of outdoor signal strength prediction in {UHF} band by artificial neural network},
  author={Ferreira, G. and Matos, L. and Silva, J.},
  journal={IEEE Trans. Antennas Propag.},
  volume={64},
  number={12},
  pages={5404--5410},
  year={2016}
}

@book{molisch2012wireless,
  title={Wireless communications},
  author={Molisch, Andreas F},
  volume={34},
  year={2012},
  publisher={John Wiley \& Sons}
}

@article{akdeniz2014millimeter,
  title={Millimeter wave channel modeling and cellular capacity evaluation},
  author={Akdeniz, Mustafa Riza and Liu, Yuanpeng and Samimi, Mathew K and Sun, Shu and Rangan, Sundeep and Rappaport, Theodore S and Erkip, Elza},
  journal=IEEE_J_JSAC,
  volume={32},
  number={6},
  pages={1164--1179},
  year={2014},
  publisher={IEEE}
}

@article{MuzRafFak2020,
  title={First Experiments with a {5G}-Connected Drone},
  author={Raheeb Muzaffar and Christian Raffelsberger and Aymen Fakhreddine and José López Luque and Driton Emini and Christian Bettstetter},
  journal={arXiv preprint 2004.03298},
  year={2020}
}

@article{radford2015unsupervised,
  title={Unsupervised representation learning with deep convolutional generative adversarial networks},
  author={Radford, Alec and Metz, Luke and Chintala, Soumith},
  journal={arXiv preprint 1511.06434},
  year={2015}
}

@inproceedings{goodfellow2014generative,
  title={Generative adversarial nets},
  author={Goodfellow, Ian and Pouget-Abadie, Jean and Mirza, Mehdi and Xu, Bing and Warde-Farley, David and Ozair, Sherjil and Courville, Aaron and Bengio, Yoshua},
  booktitle={Proc.\ Advances in neural information processing systems},
  pages={2672--2680},
  year={2014}
}

@MISC{mmw-github-sdrangan,
        Author =        {},
        Title =         {{mmWave} channel modeling git hub repository},
        Note =          {Available on-line at
                         \url{ https://github.com/sdrangan/mmwchanmod}
                        }
        }
        


@MISC{Remcom,
        Author =        {},
        Title =         {{Remcom}},
        Note =          {Available on-line at
                         \url{https://www.remcom.com/}
                        }
        }     
        
@article{rangan2014millimeter,
  title={Millimeter-wave cellular wireless networks: Potentials and challenges},
  author={Rangan, Sundeep and Rappaport, Theodore S and Erkip, Elza},
  journal={Proceedings of the IEEE},
  volume={102},
  number={3},
  pages={366--385},
  year={2014},
  publisher={IEEE}
}        

@BOOK{Rappaport2014-mmwbook,
    AUTHOR =        {Theodore S. Rappaport and Robert W. {Heath Jr.}
                     and  Robert C. Daniels and James N. Murdock},
    editor =        {},
    TITLE =         {Millimeter Wave Wireless Communications},
    PUBLISHER =     {Pearson Education},
    YEAR =          2014
}

@article{fuschini2017analysis,
  title={Analysis of in-room mm-Wave propagation: Directional channel measurements and ray tracing simulations},
  author={Fuschini, F. and H{\"a}fner, S. and Zoli, M. and M{\"u}ller, R. and Vitucci, EM. and Dupleich, D. and Barbiroli, M. and Luo, J. and Schulz, E. and Degli-Esposti, V. and and Thom{\"a}, R. S.},
  journal={Journal of Infrared, Millimeter, and Terahertz Waves},
  volume={38},
  number={6},
  pages={727--744},
  year={2017},
  publisher={Springer}
}

@article{degli2014ray,
  title={Ray-tracing-based mm-wave beamforming assessment},
  author={V. {Degli-Esposti} and F. {Fuschini} and E. M. {Vitucci} and M. {Barbiroli} and M. {Zoli} and L. {Tian} and X. {Yin} and D. A. {Dupleich} and R. {M{\"u}ller} and C. {Schneider} and R. S. {Thom{\"a}}},
  journal={IEEE Access},
  volume={2},
  pages={1314--1325},
  year={2014},
  publisher={IEEE}
}

@article{3GPP22125,
author={{3GPP Technical Specification 22.125}},
title={Technical Specification Group Services and System Aspects;
Unmanned Aerial System ({UAS}) support in {3GPP};
{S}tage 1; {R}elease 17},
year={2019},
month={},} %Dec.

@article{3GPP22829,
author={{3GPP Technical Specification 22.829}},
title={Technical Specification Group Services and System Aspects;
Enhancements for Unmanned Aerial Vehicles;
{S}tage 1; {R}elease 17},
year={2019},
month={},} %Sep.

@inproceedings{GerGarLin2019,
	title={Preparing the ground for drone communications},
	author={Geraci, Giovanni and Garcia-Rodriguez, Adrian and Lin, Xingqins},
	booktitle={IEEE ComSoc Technology News},
	month={},
	year={2019}
} %June

@ARTICLE{FotQiaDin2019,
author={A. {Fotouhi} and H. {Qiang} and M. {Ding} and M. {Hassan} and L. {Galati-Giordano} and A. {Garcia-Rodriguez} and J. {Yuan}},
journal=IEEE_O_CSTO,
title={Survey on {UAV} Cellular Communications: {P}ractical Aspects, Standardization Advancements, Regulation, and Security Challenges},
volume={21},
  number={4},
  pages={3417--3442},
  year={2019},
month={},}

@ARTICLE{MozSaaBen2018,
author={M. {Mozaffari} and W. {Saad} and M. {Bennis} and Y. {Nam} and M. {Debbah}},
journal=IEEE_O_CSTO,
title={A Tutorial on {UAVs} for Wireless Networks: {A}pplications, Challenges, and Open Problems},
year={2019},
volume={21},
number={3},
pages={2334-2360},
month={{third quarter}},}


@ARTICLE{XiaRanMez2020a,
author={W. Xia and S. Rangan and M. Mezzavilla and A. Lozano and G. Geraci and V. Semkin and G. Loianno}, 
title={Generative Neural Network Channel Modeling for Millimeter-Wave {UAV} Communication},
journal = {IEEE Trans. Wireless Commun.},
year={2022},
  volume={},
  number={},
  pages={1-1},
}

@INPROCEEDINGS{XiaSemMez2020,
  author={W. {Xia} and V. {Semkin} and M. {Mezzavilla} and G. {Loianno} and S. {Rangan}},
  booktitle=SPAWC, 
  title={Multi-Array Designs for {mmWave} and Sub-{THz} Communication to {UAVs}}, 
  year={2020},
  pages={1-5},}

@INPROCEEDINGS{CheZhuWan2020,
  author={L. {Cheng} and Q. {Zhu} and C. {Wang} and W. {Zhong} and B. {Hua} and S. {Jiang}},
  booktitle={2020 14th European Conference on Antennas and Propagation (EuCAP)}, 
  title={Modeling and Simulation for {UAV} Air-to-Ground {mmWave} Channels}, 
  year={2020},
  pages={1-5},}
  
  @ARTICLE{ZhaZhaHou2019,
  author={L. {Zhang} and H. {Zhao} and S. {Hou} and Z. {Zhao} and H. {Xu} and X. {Wu} and Q. {Wu} and R. {Zhang}},
  journal={IEEE Access}, 
  title={A Survey on {5G} Millimeter Wave Communications for {UAV}-Assisted Wireless Networks}, 
  year={2019},
  volume={7},
  number={},
  pages={117460-117504},}
  
  @ARTICLE{WymSecDes2017,
  author={H. {Wymeersch} and G. {Seco-Granados} and G. {Destino} and D. {Dardari} and F. {Tufvesson}},
  journal=IEEE_M_WC, 
  title={{5G} {mmWave} Positioning for Vehicular Networks}, 
  year={2017},
  volume={24},
  number={6},
  pages={80-86},}
  

@INPROCEEDINGS{ReiMcgSie2019,
  author={C. Reiche and C. McGillen and J. Siegel and F. Brody},
  booktitle={Proc. Integrated Communications, Navigation and Surveillance Conference (ICNS)}, 
  title={Are we ready to weather urban air mobility ({UAM})?}, 
  year={2019},
  month={},
  pages={1-7},} %Apr.
  
@ARTICLE{6824752,
  author={J. {Andrews} and S. {Buzzi} and W. {Choi} and S. {Hanly} and A. {Lozano} and A. {Soong} and J. {Zhang}},
  journal=IEEE_J_JSAC, 
  title={What Will {5G} Be?}, 
  year={2014},
  volume={32},
  number={6},
  pages={1065--1082}
  }
  
@article{chen20205g,
  title={5{G} Air-to-Ground Network Design and Optimization: A Deep Learning Approach},
  author={Chen, Yun and Lin, Xingqin and Khan, Talha and Afshang, Mehrnaz and Mozaffari, Mohammad},
  journal={arXiv preprint 2011.08379},
  year={2020}
}
  
  @ARTICLE{6736746,
  author={F. {Boccardi} and R. {Heath} and A. {Lozano} and T. {Marzetta} and P. {Popovski}},
  journal=IEEE_M_COM, 
  title={Five disruptive technology directions for {5G}}, 
  year={2014},
  volume={52},
  number={2},
  pages={74--80}
  }
  
  @INPROCEEDINGS{StaKovKoz2018, 
author={J.~Stanczak and I.~Z.~Kovacs and D.~Koziol and J.~Wigard and R.~Amorim and H.~Nguyen}, 
booktitle=procvtc,
title={Mobility Challenges for Unmanned Aerial Vehicles Connected to Cellular {LTE} Networks}, 
year={2018}, 
pages={1-5}, 
month={},} %June

@ARTICLE{AmeSaaMar2020,
  author={R. {Amer} and W. {Saad} and N. {Marchetti}},
  journal=ieeetc, 
  title={Mobility in the Sky: Performance and Mobility Analysis for Cellular-Connected {UAVs}}, 
  year={2020},
  volume={68},
  number={5},
  pages={3229-3246},}
  
  @INPROCEEDINGS{CheLinKha2020,
  author={Y. {Chen} and X. {Lin} and T. {Khan} and M. {Mozaffari}},
  booktitle=procwcnc, 
  title={Efficient Drone Mobility Support Using Reinforcement Learning}, 
  year={2020},
  pages={1-6},}
  
  @inproceedings{FakBetHay2019,
author = {Fakhreddine, Aymen and Bettstetter, Christian and Hayat, Samira and Muzaffar, Raheeb and Emini, Driton},
title = {Handover Challenges for Cellular-Connected Drones},
year = {2019},
booktitle = {Proceedings of the 5th Workshop on Micro Aerial Vehicle Networks, Systems, and Applications (DroNet'19)},
pages = {9–14},
numpages = {6},
}

@INPROCEEDINGS{Amer2020a,
  author={Amer, Ramy and Saad, Walid and Galkin, Boris and Marchetti, Nicola},
  booktitle=procicc, 
  title={Performance Analysis of Mobile Cellular-Connected Drones under Practical Antenna Configurations}, 
  year={2020},
  volume={},
  number={},
  pages={1-7},
  doi={10.1109/ICC40277.2020.9148841}}

@ARTICLE{AzaGerGar2020,
  author={M. M. {Azari} and G. {Geraci} and A. {Garcia-Rodriguez} and S. {Pollin}},
  journal=IEEE_J_TWC, 
  title={{UAV-to-UAV} Communications in Cellular Networks}, 
  year={2020},
  volume={19},
  number={9},
  pages={6130-6144},}
  
  
@inproceedings{azari2017coexistence,
  title={Coexistence of terrestrial and aerial users in cellular networks},
  author={Azari, Mohammad Mahdi and Rosas, Fernando and Chiumento, Alessandro and Pollin, Sofie},
  booktitle=procgcomWS,
  pages={1--6},
  year={2017},
  organization={IEEE}
}

@inproceedings{azari2020mobile,
  title={Mobile Cellular-Connected {UAVs}: Reinforcement Learning for Sky Limits},
  author={Azari, M Mahdi and Arani, Atefeh Hajijamali and Rosas, Fernando},
  booktitle=procgcomWS,
  pages={1--6},
  year={2020},
}

@ARTICLE{AbdMar2020,
  author={Abdalla, Aly Sabri and Marojevic, Vuk},
  journal={IEEE Communications Standards Magazine}, 
  title={Communications Standards for Unmanned Aircraft Systems: The {3GPP} Perspective and Research Drivers}, 
  year={2021},
  volume={5},
  number={1},
  pages={70-77},
  }

@article{wu20205g,
  title={A Comprehensive Overview on {5G}-and-Beyond Networks with {UAV}s: From Communications to Sensing and Intelligence},
  journal=IEEE_J_JSAC,
  author={Wu, Qingqing and Xu, Jie and Zeng, Yong and Ng, Derrick Wing Kwan and Al-Dhahir, Naofal and Schober, Robert and Swindlehurst, A Lee},
  year={2021},
  volume={39},
  number={10},
  pages={2912-2945},
}

@article{mozaffari2019tutorial,
  title={A tutorial on {UAV}s for wireless networks: Applications, challenges, and open problems},
  author={Mozaffari, Mohammad and Saad, Walid and Bennis, Mehdi and Nam, Young-Han and Debbah, M{\'e}rouane},
  journal=IEEE_O_CSTO,
  volume={21},
  number={3},
  pages={2334--2360},
  year={2019},
  publisher={IEEE}
}

@article{fotouhi2019survey,
  title={Survey on {UAV} cellular communications: Practical aspects, standardization advancements, regulation, and security challenges},
  author={Fotouhi, Azade and Qiang, Haoran and Ding, Ming and Hassan, Mahbub and {L.~Galati Giordano} and Garcia-Rodriguez, Adrian and Yuan, Jinhong},
  journal=IEEE_O_CSTO,
  volume={21},
  number={4},
  pages={3417--3442},
  year={2019},
  publisher={IEEE}
}

@article{zeng2019accessing,
  title={Accessing from the sky: A tutorial on {UAV} communications for {5G} and beyond},
  author={Zeng, Yongs and Wu, Qingqing and Zhang, Rui},
  journal={Proceedings of the IEEE},
  volume={107},
  number={12},
  pages={2327--2375},
  year={2019},
  publisher={IEEE}
}


@article{li2018uav,
  title={{UAV} communications for {5G} and beyond: Recent advances and future trends},
  author={Li, Bin and Fei, Zesong and Zhang, Yan},
  journal={IEEE Internet of Things Journal},
  volume={6},
  number={2},
  pages={2241--2263},
  year={2018},
  publisher={IEEE}
}

@article{sharma2020communication,
  title={Communication and networking technologies for {UAV}s: A survey},
  author={Sharma, Abhishek and Vanjani, Pankhuri and Paliwal, Nikhil and Basnayaka, Chathuranga M Wijerathna and Jayakody, Dushantha Nalin K and Wang, Hwang-Cheng and Muthuchidambaranathan, P},
  journal={Journal of Network and Computer Applications},
  pages={102739},
  year={2020},
  publisher={Elsevier}
}

@article{mishra2020survey,
title={A Survey on Cellular-connected {UAV}s: Design Challenges, Enabling {5G/B5G} Innovations, and Experimental Advancements},
journal = {Computer Networks},
volume = {182},
pages = {107451},
year = {2020},
issn = {1389-1286},
author={Mishra, Debashisha and Natalizio, Enrico},
}

@article{vinogradov2019tutorial,
  title={Tutorial on {UAV}: A blue sky view on wireless communication},
  author={Vinogradov, Evgenii and Sallouha, Hazem and De Bast, Sibren and Azari, Mohammad Mahdi and Pollin, Sofie},
  journal={arXiv preprint 1901.02306},
  year={2019}
}


@article{boccadoro2020internet,
  title={Internet of Drones: a Survey on Communications, Technologies, Protocols, Architectures and Services},
  author={Boccadoro, Pietro and Striccoli, Domenico and Grieco, Luigi Alfredo},
  journal={arXiv preprint 2007.12611},
  year={2020}
}

@article{zhang2019cooperation,
  title={Cooperation techniques for a cellular internet of unmanned aerial vehicles},
  author={Zhang, Hongliang and Song, Lingyang and Han, Zhu and Poor, H Vincent},
  journal=IEEE_M_WC,
  volume={26},
  number={5},
  pages={167--173},
  year={2019},
  publisher={IEEE}
}

@article{bor20195g,
  title={Is {5G} ready for drones: A look into contemporary and prospective wireless networks from a standardization perspective},
  author={Bor-Yaliniz, Irem and Salem, Mohamed and Senerath, Gamini and Yanikomeroglu, Halim},
  journal=IEEE_M_WC,
  volume={26},
  number={1},
  pages={18--27},
  year={2019},
  publisher={IEEE}
}


@article{motlagh2016low,
  title={Low-altitude unmanned aerial vehicles-based internet of things services: Comprehensive survey and future perspectives},
  author={Motlagh, Naser Hossein and Taleb, Tarik and Arouk, Osama},
  journal={IEEE Internet of Things Journal},
  volume={3},
  number={6},
  pages={899--922},
  year={2016},
  publisher={IEEE}
}

@article{hu2020reinforcement,
  title={Reinforcement learning for a cellular internet of {UAV}s: Protocol design, trajectory control, and resource management},
  author={Hu, Jingzhi and Zhang, Hongliang and Song, Lingyang and Han, Zhu and Poor, H Vincent},
  journal=IEEE_M_WC,
  volume={27},
  number={1},
  pages={116--123},
  year={2020},
  publisher={IEEE}
}

@article{azari2020machine,
  title={Machine learning assisted handover and resource management for cellular connected drones},
  author={Azari, Amin and Ghavimi, Fayezeh and Ozger, Mustafa and Jantti, Riku and Cavdar, Cicek},
  journal={arXiv preprint 2001.07937},
  year={2020}
}

@article{MurLinMaa2018,
author = {Siva D. Muruganathan and Xingqin Lin and Helka-Liina Määttänen and Jonas Sedin and Zhenhua Zou and Wuri A. Hapsari and Shinpei Yasukawa},
title = {An Overview of {3GPP} Release-15 Study on
Enhanced {LTE} Support for Connected Drones},
journal={arXiv preprint 2009.09477},
year = {2018},}

@INPROCEEDINGS{MaDinHas2020,
  author={Ma, Dong and Ding, Ming and Hassan, Mahbub},
  booktitle=procwcnc, 
  title={Enhancing Cellular Communications for {UAVs} via Intelligent Reflective Surface}, 
  year={2020},
  volume={},
  number={},
  pages={1-6}}

@inproceedings{ChaSaaBet2018,
  title={Deep reinforcement learning for interference-aware path planning of cellular-connected {UAV}s},
  author={Challita, Ursula and Saad, Walid and Bettstetter, Christian},
  booktitle={Proc. IEEE ICC},
  pages={1--7},
  year={2018},
}

@article{challita2019interference,
  title={Interference management for cellular-connected {UAV}s: A deep reinforcement learning approach},
  author={Challita, Ursula and Saad, Walid and Bettstetter, Christian},
  journal=IEEE_J_TWC,
  volume={18},
  number={4},
  pages={2125--2140},
  year={2019},
  publisher={IEEE}
}

@MISC{mmw-github-nyu,
Author = {},
Title ={{mmWave} channel modeling git hub repository},
Note = {Available on-line at
                         \url{ https://github.com/nyu-wireless/mmwchanmod}
}
}

@MISC{mmw-ns3-nyu,
Author = {},
Title ={mmWave ns-3 module},
Note = {Available on-line at
        \url{https://github.com/nyuwireless-unipd/ns3-mmwave}
}
}

@ARTICLE{giordani2019tutorial,
author={M. {Giordani} and M. {Polese} and A. {Roy} and D. {Castor} and M. {Zorzi}},
journal=IEEE_O_CSTO,
title={A Tutorial on Beam Management for {3GPP NR} at mm{W}ave Frequencies},
year={2019},
volume={21},
number={1},
pages={173-196},
keywords={aircraft communication;cellular radio;directive antennas;mobility management (mobile radio);radiowave propagation;wireless channels;mmWave cellular network;severe free-space path loss;3GPP NR cellular network;robust control schemes;reactive;mobility management;beam tracking;handover;control layer procedures;precise alignment;wide area networks;highly directional antennas;base stations;atmospheric absorption;mmWave links;next-generation cellular mobile terminals;millimeter wave frequencies;beam management;Tutorials;3GPP;5G mobile communication;Array signal processing;Cellular networks;Long Term Evolution;Channel estimation;5G;NR;mmWave;beam management;initial access;tracking},
doi={10.1109/COMST.2018.2869411},
ISSN={1553-877X},
month={First quarter},}


@ARTICLE{Mez_COMST,  author={M. {Mezzavilla} and M. {Zhang} and M. {Polese} and R. {Ford} and S. {Dutta} and S. {Rangan} and M. {Zorzi}},  journal=IEEE_O_CSTO,   title={End-to-End Simulation of {5G mmWave} Networks},   year={2018},  volume={20},  number={3},  pages={2237-2263},  doi={10.1109/COMST.2018.2828880}}

@article{Saracco,
      title={Megatrends for this decade -- {XIII}}, 
      Author = {Roberto Saracco},
      year={2020},
      journal={IEEE Future Directions},                                                         
}

@article{CheJaaYan2020,
      title={{3D} Aerial Highway: The Key Enabler of the Retail Industry Transformation}, 
      author={Nesrine Cherif and Wael Jaafar and Halim Yanikomeroglu and Abbas Yongacoglu},
      journal = IEEE_M_COM,
      year={2021},
  volume={59},
  number={9},
  pages={65-71},
}

@MISC{AmazonPrimeAir,
Author = {{Amazon Prime Air}},
Title ={},
Note = {\url{ https://www.amazon.com/Amazon-Prime-Air/b?ie=UTF8\&node=8037720011}}
}

@MISC{ZDNet,
Author = {{ZDNet}},
Title ={Uber and {AT\&T} testing {5G} for flying cars},
Note = {\url{ https://www.zdnet.com/article/uber-and-at-t-testing-5g-for-flying-cars/}}
}

@MISC{5GObservatory,
Author = {{5G Observatory}},
Title ={Ooredoo tested a {5G} connected aerial taxi at {The Pearl-Qatar}},
Note = {\url{ https://5gobservatory.eu/ooredoo-tests-a-driverless-5g-flying-taxi/}}
}

@MISC{DroneLife,
Author = {{DroneLife}},
Title ={{EHang} Passenger Drone Makes Debut Flight in {Korea}: Air Taxis a ``Dream of Mankind"},
Note = {\url{ https://dronelife.com/2020/11/12/ehang-passenger-drone-makes-debut-flight-in-korea/}}
}

@ARTICLE{SaeAlnAlo2020,
  Author = {Nasir Saeed and Tareq Y. Al-Naffouri and Mohamed-Slim Alouini},
  journal={Frontiers in Communications and Networks}, 
  Title ={Wireless Communication for Flying Cars},
  year={2021},
  volume={2},
  number={},
  pages={24586-24603},}

@MISC{UberAir,
Author = {{Uber Elevate Whitepaper}},
Title ={Uber Air: Designing for the Community},
Note = {\url{ https://d1nyezh1ys8wfo.cloudfront.net/static/PDFs/Uber+Air_Designing+for+the+Community.pdf}}
}

@MISC{Synopsis,
Author = {{Synopsis}},
Title ={The 6 Levels of Vehicle Autonomy Explained},
Note = {\url{ https://www.synopsys.com/automotive/autonomous-driving-levels.html}}
}

@MISC{Airbus,
Author = {{Airbus}},
Title ={Vahana --- Our single-seat {eVTOL} demonstrator},
Note = {\url{ https://www.airbus.com/innovation/zero-emission/urban-air-mobility/vahana.html}}
}

@MISC{Cartivator,
Author = {{Cartivator}},
Title ={SkyDrive},
Note = {{\tt http://cartivator.com/}}
}

@MISC{KittyHawk,
Author = {{KittyHawk}},
Title ={Heaviside},
Note = {\url{ https://kittyhawk.aero/}}
}

@MISC{Terrafugia,
Author = {{Terrafugia}},
Title ={The transition},
Note = {\url{ https://terrafugia.com/}}
}

@MISC{Aeromobil,
Author = {{Aeromobil}},
Title ={{Drive. Fly. Be the experience}},
Note = {\url{ https://www.aeromobil.com/}}
}

@MISC{Stuff,
Author = {{Stuff}},
Title ={Air taxis, self-driving cars: What your commute could look like in 2030},
Note = {\url{ https://www.stuff.co.nz/motoring/118949564/air-taxis-selfdriving-cars-what-your-commute-could-look-like-in-2030}}
}

@MISC{QuantumSystems,
Author = {{Quantum Systems}},
Title ={Drones with {5G} technology -- The ``FreeRail" project consortium successfully completes first test series together with {Ericsson}.},
Note = {\url{ https://www.quantum-systems.com/2020/12/21/drones-with-5g-technology-the-freerail-project-consortium-successfully-completes-first-test-series-together-with-ericsson/}}
}

@MISC{Yahoo,
Author = {{Yahoo! News}},
Title ={{Morgan Stanley} says market for self-flying cars could rise to \$1.5 trillion by 2040},
Note = {\url{ https://uk.finance.yahoo.com/news/morgan-stanley-report-says-market-023354657.html}}
}

@MISC{RolandBerger,
Author = {{Roland Berger}},
Title ={The traffic of the future is taking off: Air taxis open up huge market potential},
Note = {\url{ https://rolandberger-com.mynewsdesk.com/pressreleases/the-traffic-of-the-future-is-taking-off-air-taxis-open-up-huge-market-potential-3049707}}
}

@article{DoLeeLoz2020,
      title={Reconfigurable {ULAs} for Line-of-Sight {MIMO} Transmission}, 
      author={Heedong Do and Namyoon Lee and Angel Lozano},
      journal={IEEE Trans. Wireless Commun.}, 
  title={Reconfigurable {ULAs} for Line-of-Sight {MIMO} Transmission}, 
  year={2021},
  volume={20},
  number={5},
  pages={2933-2947},
  }

@ARTICLE{PanAlo2020,
  author={Pan, Gaofeng and Alouini, Mohamed-Slim},
  journal={IEEE Access}, 
  title={Flying Car Transportation System: {A}dvances, Techniques, and Challenges}, 
  year={2021},
  volume={9},
  number={},
  pages={24586-24603},
  doi={10.1109/ACCESS.2021.3056798}}

@ARTICLE{TekEktKur2020,
  author={K. {Tekbiyik} and A. R. {Ekti} and G. K. {Kurt} and A. {Gorcin} and H. {Yanikomeroglu}},
  journal=IEEE_M_COM, 
  title={A Holistic Investigation of {Terahertz} Propagation and Channel Modeling toward Vertical Heterogeneous Networks}, 
  year={2020},
  volume={58},
  number={11},
  pages={14-20},}
  
@INPROCEEDINGS{DanGarGerICC2019,
author={C.~D'Andrea and A.~{Garcia-Rodriguez} and G.~Geraci and L.~{Galati Giordano} and S.~Buzzi}, 
title={Cell-free Massive {MIMO} for {UAV} Communications},
booktitle=prociccWS,
year={2019},
volume={},
number={},
pages={1-6},
month={},
} %May

@ARTICLE{DanGarGer2020, 
author={C.~D'Andrea and A.~{Garcia-Rodriguez} and G.~Geraci and L.~{Galati Giordano} and S.~Buzzi}, 
journal={IEEE Open J. Commun. Society},
title={Analysis of {UAV} Communications in Cell-Free Massive {MIMO} Systems}, year={2020}, 
volume={1}, 
pages={133-147},
}

@book{SaaBenMoz2020,
  title={Wireless Communications and Networking for Unmanned Aerial Vehicles},
  author={Walid Saad and Mehdi Bennis and Mohammad Mozaffari and Xingqin Lin},
  year={2020},
  publisher={Cambridge University Press}
}

@INPROCEEDINGS{AmoKovWig2019,
  author={R. {Amorim} and I. Z. {Kovacs} and J. {Wigard} and G. {Pocovi} and T. B. {Sorensen} and P. {Mogensen}},
  booktitle=procvtc, 
  title={Improving Drone's Command and Control Link Reliability through Dual-Network Connectivity}, 
  year={2019},
  pages={1-6},
}

@ARTICLE{HayYanMuz2016,
  author={S. {Hayat} and E. {Yanmaz} and R. {Muzaffar}},
  journal=IEEE_O_CSTO, 
  title={Survey on Unmanned Aerial Vehicle Networks for Civil Applications: A Communications Viewpoint}, 
  year={2016},
  volume={18},
  number={4},
  pages={2624-2661},}
  
  @ARTICLE{MarGuvDut2020,
  author={V. {Marojevic} and I. {Guvenc} and R. {Dutta} and M. L. {Sichitiu} and B. A. {Floyd}},
  journal=IEEE_M_VT, 
  title={Advanced Wireless for Unmanned Aerial Systems: {5G} Standardization, Research Challenges, and {AERPAW} Architecture}, 
  year={2020},
  volume={15},
  number={2},
  pages={22-30},}
  
  @INPROCEEDINGS{KovAmoNgu2017,
  author={I. {Kovacs} and R. {Amorim} and H. C. {Nguyen} and J. {Wigard} and P. {Mogensen}},
  booktitle=procvtc, 
  title={Interference Analysis for {UAV} Connectivity over {LTE} Using Aerial Radio Measurements}, 
  year={2017},
  pages={1-6},
  }
  
 @INPROCEEDINGS{HayBetFak2019,
  author={{S. Hayat, C. Bettstetter, A. Fakhreddine, R. Muzaffar,
and D. Emini}},
  booktitle={Proc. ACM DroNet}, 
  title={An experimental evaluation of {LTE-A} throughput for drones}, 
  year={2019},
  }
  
@INPROCEEDINGS{AzaGerGar2020GC,
author={M. M. {Azari} and G. {Geraci} and A. {Garcia-Rodriguez} and S. {Pollin}},
title={Spectrum Sharing Strategies for {UAV-to-UAV} Cellular Communications},
booktitle = procgcom,
year={2020},
pages={1-6},}
}

@INPROCEEDINGS{AzaGerGar2019PIMRC,
 author={M. M. {Azari} and G. {Geraci} and A. {Garcia-Rodriguez} and S. {Pollin}},
  booktitle=procpimrc, 
  title={Cellular {UAV-to-UAV} Communications}, 
  year={2019},
  pages={1-7},}

@article{stocker2017review,
  title={Review of the current state of {UAV} regulations},
  author={St{\"o}cker, Claudia and Bennett, Rohan and Nex, Francesco and Gerke, Markus and Zevenbergen, Jaap},
  journal={Remote sensing},
  volume={9},
  number={5},
  pages={459},
  year={2017},
  publisher={Multidisciplinary Digital Publishing Institute}
}

@ARTICLE{liu2020artificial,
  author={Liu, Xiao and Chen, Mingzhe and Liu, Yuanwei and Chen, Yue and Cui, Shuguang and Hanzo, Lajos},
  journal={IEEE Wireless Commun.}, 
  title={Artificial Intelligence Aided Next-Generation Networks Relying on {UAVs}}, 
  year={2021},
  volume={28},
  number={1},
  pages={120-127}}

@ARTICLE{DBLP:journals/wcl/LiDYLR20,
  author={Li, Sixian and Duo, Bin and Yuan, Xiaojun and Liang, Ying-Chang and {Di Renzo}, Marco},
  journal=ieeewcl, 
  title={Reconfigurable Intelligent Surface Assisted {UAV} Communication: Joint Trajectory Design and Passive Beamforming}, 
  year={2020},
  volume={9},
  number={5},
  pages={716-720}}

@article{galkin2020reqiba,
  title={{REQIBA}: Regression and Deep {Q}-Learning for Intelligent {UAV} Cellular User to Base Station Association},
  author={Galkin, Boris and Fonseca, Erika and Amer, Ramy and DaSilva, Luiz A and Dusparic, Ivana},
  journal={arXiv preprint 2010.01126},
  year={2020}
}


@article{shakhatreh2019unmanned,
  title={Unmanned aerial vehicles ({UAVs}): A survey on civil applications and key research challenges},
  author={Shakhatreh, Hazim and Sawalmeh, Ahmad H and Al-Fuqaha, Ala and Dou, Zuochao and Almaita, Eyad and Khalil, Issa and Othman, Noor Shamsiah and Khreishah, Abdallah and Guizani, Mohsen},
  journal={IEEE Access},
  volume={7},
  pages={48572--48634},
  year={2019},
  publisher={IEEE}
}

@article{gupta2015survey,
  title={Survey of important issues in {UAV} communication networks},
  author={Gupta, Lav and Jain, Raj and Vaszkun, Gabor},
  journal=IEEE_O_CSTO,
  volume={18},
  number={2},
  pages={1123--1152},
  year={2015},
  publisher={IEEE}
}

@article{bekmezci2013flying,
  title={Flying ad-hoc networks ({FANETs}): A survey},
  author={Bekmezci, Ilker and Sahingoz, Ozgur Koray and Temel, {\c{S}}amil},
  journal={Ad Hoc Networks},
  volume={11},
  number={3},
  pages={1254--1270},
  year={2013},
  publisher={Elsevier}
}

@article{frew2008airborne,
  title={Airborne communication networks for small unmanned aircraft systems},
  author={Frew, Eric W and Brown, Timothy X},
  journal={Proceedings of the IEEE},
  volume={96},
  number={12},
  year={2008},
  publisher={IEEE}
}

@article{shakeri2019design,
  title={Design challenges of multi-{UAV} systems in cyber-physical applications: A comprehensive survey and future directions},
  author={Shakeri, Reza and Al-Garadi, Mohammed Ali and Badawy, Ahmed and Mohamed, Amr and Khattab, Tamer and Al-Ali, Abdulla Khalid and Harras, Khaled A and Guizani, Mohsen},
  journal=IEEE_O_CSTO,
  volume={21},
  number={4},
  pages={3340--3385},
  year={2019},
  publisher={IEEE}
}

@article{khuwaja2018survey,
  title={A survey of channel modeling for {UAV} communications},
  author={Khuwaja, Aziz Altaf and Chen, Yunfei and Zhao, Nan and Alouini, Mohamed-Slim and Dobbins, Paul},
  journal=IEEE_O_CSTO,
  volume={20},
  number={4},
  pages={2804--2821},
  year={2018},
  publisher={IEEE}
}

@article{song2020survey,
    title={A Survey of Prototype and Experiment for {UAV} Communications},
    author={Song, Qingheng and Zeng, Yong and Xu, Jie and Jin, Shi},
	Isbn = {1869-1919},
	Journal = {Science China Information Sciences},
	Number = {4},
	Pages = {140301},
	Ty = {JOUR},
	Volume = {64},
	Year = {2021},
}

@article{zeng2018cellular,
  title={Cellular-connected {UAV}: Potential, challenges, and promising technologies},
  author={Zeng, Yong and Lyu, Jiangbin and Zhang, Rui},
  journal=IEEE_M_WC,
  volume={26},
  number={1},
  pages={120--127},
  year={2018},
  publisher={IEEE}
}

@inproceedings{hosseini2019uav,
  title={{UAV} command and control, navigation and surveillance: A review of potential {5G} and satellite systems},
  author={Hosseini, Nozhan and Jamal, Hosseinali and Haque, Jamal and Magesacher, Thomas and Matolak, David W},
  booktitle={2019 IEEE Aerospace Conference},
  pages={1--10},
  year={2019},
  organization={IEEE}
}

@article{hong2020space,
  title={Space-Air-Ground {IoT} Network and Related Key Technologies},
  author={Hong, Tao and Zhao, Weiting and Liu, Rongke and Kadoch, Michel},
  journal=IEEE_M_WC,
  volume={27},
  number={2},
  pages={96--104},
  year={2020},
  publisher={IEEE}
}

@article{noor2020review,
  title={A Review on Communications Perspective of Flying Ad-Hoc Networks: Key Enabling Wireless Technologies, Applications, Challenges and Open Research Topics},
  author={Noor, Fazal and Khan, Muhammad Asghar and Al-Zahrani, Ali and Ullah, Insaf and Al-Dhlan, Kawther A},
  journal={Drones},
  volume={4},
  number={4},
  pages={65},
  year={2020},
  publisher={Multidisciplinary Digital Publishing Institute}
}

@article{hassanalian2017classifications,
  title={Classifications, applications, and design challenges of drones: A review},
  author={Hassanalian, Mostafa and Abdelkefi, Abdessattar},
  journal={Progress in Aerospace Sciences},
  volume={91},
  pages={99--131},
  year={2017},
  publisher={Elsevier}
}


@article{naqvi2018drone,
  title={Drone-aided communication as a key enabler for {5G} and resilient public safety networks},
  author={Naqvi, Syed Ahsan Raza and Hassan, Syed Ali and Pervaiz, Haris and Ni, Qiang},
  journal=IEEE_M_COM,
  volume={56},
  number={1},
  pages={36--42},
  year={2018},
  publisher={IEEE}
}

@article{al2020uavs,
  title={{UAVs} assessment in software-defined {IoT} networks: An overview},
  author={Al-Turjman, Fadi and Abujubbeh, Mohammad and Malekloo, Arman and Mostarda, Leonardo},
  journal={Computer Communications},
  volume={150},
  pages={519--536},
  year={2020},
  publisher={Elsevier}
}


@article{oubbati2020softwarization,
  title={Softwarization of {UAV} Networks: A Survey of Applications and Future Trends},
  author={Oubbati, Omar Sami and Atiquzzaman, Mohammed and Ahanger, Tariq Ahamed and Ibrahim, Atef},
  journal={IEEE Access},
  year={2020},
  publisher={IEEE}
}

@article{tahir2019swarms,
  title={Swarms of unmanned aerial vehicles—A survey},
  author={Tahir, Anam and B{\"o}ling, Jari and Haghbayan, Mohammad-Hashem and Toivonen, Hannu T and Plosila, Juha},
  journal={Journal of Industrial Information Integration},
  volume={16},
  pages={100106},
  year={2019},
  publisher={Elsevier}
}

@article{hentati2020comprehensive,
  title={Comprehensive Survey of {UAVs} Communication Networks},
  author={Hentati, Aicha Idriss and Fourati, Lamia Chaari},
  journal={Computer Standards \& Interfaces},
  pages={103451},
  year={2020},
  publisher={Elsevier}
}

@ARTICLE{kodheli2020satellite,
  author={Kodheli, Oltjon and Lagunas, Eva and Maturo, Nicola and Sharma, Shree Krishna and Shankar, Bhavani and Montoya, Jesus Fabian Mendoza and Duncan, Juan Carlos Merlano and Spano, Danilo and Chatzinotas, Symeon and Kisseleff, Steven and Querol, Jorge and Lei, Lei and Vu, Thang X. and Goussetis, George},
  journal=IEEE_O_CSTO, 
  title={Satellite Communications in the New Space Era: A Survey and Future Challenges}, 
  year={2021},
  volume={23},
  number={1},
  pages={70-109},
  doi={10.1109/COMST.2020.3028247}}

@article{nawaz2020uav,
  title={{UAV} Communication Networks Issues: A Review},
  author={Nawaz, Haque and Ali, Husnain Mansoor and Laghari, Asif Ali},
  journal={Archives of Computational Methods in Engineering},
  pages={1--21},
  year={2020},
  publisher={Springer}
}

@article{giordani2020non,
  title={Non-terrestrial networks in the {6G} era: Challenges and opportunities},
  author={Giordani, M and Zorzi, M},
  journal={IEEE Network},
  year={2021},
  volume={35},
  number={2},
  pages={244-251},
}


@article{liu2018space,
  title={Space-air-ground integrated network: A survey},
  author={Liu, Jiajia and Shi, Yongpeng and Fadlullah, Zubair Md and Kato, Nei},
  journal=IEEE_O_CSTO,
  volume={20},
  number={4},
  pages={2714--2741},
  year={2018},
  publisher={IEEE}
}


@article{cao2018airborne,
  title={Airborne communication networks: A survey},
  author={Cao, Xianbin and Yang, Peng and Alzenad, Mohamed and Xi, Xing and Wu, Dapeng and Yanikomeroglu, Halim},
  journal=IEEE_J_JSAC,
  volume={36},
  number={9},
  pages={1907--1926},
  year={2018},
  publisher={IEEE}
}

@inproceedings{azari2018reshaping,
  title={Reshaping cellular networks for the sky: Major factors and feasibility},
  author={Azari, Mohammad Mahdi and Rosas, Fernando and Pollin, Sofie},
  booktitle=procicc,
  pages={1--7},
  year={2018},
  organization={IEEE}
}

@article{van2016lte,
  title={{LTE} in the sky: Trading off propagation benefits with interference costs for aerial nodes},
  author={Van der Bergh, Bertold and Chiumento, Alessandro and Pollin, Sofie},
  journal=IEEE_M_COM,
  volume={54},
  number={5},
  pages={44--50},
  year={2016},
  publisher={IEEE}
}

@article{lahmeri2020machine,
  title={Machine learning for {UAV}-Based networks},
  author={Lahmeri, Mohamed-Amine and Kishk, Mustafa A and Alouini, Mohamed-Slim},
  journal={arXiv preprint 2009.11522},
  year={2020}
}


 @article{zhang2019survey,
  title={A survey on {5G} millimeter wave communications for {UAV}-assisted wireless networks},
  author={Zhang, Long and Zhao, Hui and Hou, Shuai and Zhao, Zhen and Xu, Haitao and Wu, Xiaobo and Wu, Qiwu and Zhang, Ronghui},
  journal={IEEE Access},
  volume={7},
  pages={117460--117504},
  year={2019},
  publisher={IEEE}
}

@article{lin2014spectrum,
  title={Spectrum sharing for device-to-device communication in cellular networks},
  author={Lin, Xingqin and Andrews, Jeffrey G and Ghosh, Amitava},
  journal=IEEE_J_TWC,
  volume={13},
  number={12},
  pages={6727--6740},
  year={2014},
  publisher={IEEE}
}

@article{chun2017stochastic,
  title={A stochastic geometric analysis of device-to-device communications operating over generalized fading channels},
  author={Chun, Young Jin and Cotton, Simon L and Dhillon, Harpreet S and Ghrayeb, Ali and Hasna, Mazen O},
  journal=IEEE_J_TWC,
  volume={16},
  number={7},
  pages={4151--4165},
  year={2017},
  publisher={IEEE}
}

@article{asadi2014survey,
  title={A survey on device-to-device communication in cellular networks},
  author={Asadi, Arash and Wang, Qing and Mancuso, Vincenzo},
  journal=IEEE_O_CSTO,
  volume={16},
  number={4},
  pages={1801--1819},
  year={2014},
  publisher={IEEE}
}

@article{tehrani2014device,
  title={Device-to-device communication in {5G} cellular networks: challenges, solutions, and future directions},
  author={Tehrani, Mohsen Nader and Uysal, Murat and Yanikomeroglu, Halim},
  journal=IEEE_M_COM,
  volume={52},
  number={5},
  pages={86--92},
  year={2014},
  publisher={IEEE}
}

@article{liu2014device,
  title={Device-to-device communication in {LTE}-advanced networks: A survey},
  author={Liu, Jiajia and Kato, Nei and Ma, Jianfeng and Kadowaki, Naoto},
  journal=IEEE_O_CSTO,
  volume={17},
  number={4},
  pages={1923--1940},
  year={2014},
  publisher={IEEE}
}

@article{feng2014device,
  title={Device-to-device communications in cellular networks},
  author={Feng, Daquan and Lu, Lu and Yuan-Wu, Yi and Li, Geoffrey Ye and Li, Shaoqian and Feng, Gang},
  journal=IEEE_M_COM,
  volume={52},
  number={4},
  pages={49--55},
  year={2014},
  publisher={IEEE}
}

@article{lin2014overview,
  title={An overview of {3GPP} device-to-device proximity services},
  author={Lin, Xingqin and Andrews, Jeffrey G and Ghosh, Amitabha and Ratasuk, Rapeepat},
  journal=IEEE_M_COM,
  volume={52},
  number={4},
  pages={40--48},
  year={2014},
  publisher={IEEE}
}

@article{zhang2019fast,
  title={Fast beam tracking discontinuous reception for {D2D}-based {UAV} mmwave communication},
  author={Zhang, Zhi and Zhu, Qingyu and Zhang, Ping},
  journal={IEEE Access},
  volume={7},
  pages={110487--110498},
  year={2019},
  publisher={IEEE}
}

@article{irmer2011coordinated,
  title={Coordinated multipoint: Concepts, performance, and field trial results},
  author={Irmer, R. and Droste, J. and Marsch, P. and Grieger, M. and Fettweis, G. and Brueck, S. and Mayer, H.-P. and Thiele, L. and Jungnickel, V.},
  journal=IEEE_M_COM,
  volume={49},
  number={2},
  pages={102--111},
  year={2011}
}

@inproceedings{venkatesan2007network,
  title={Network {MIMO}: Overcoming intercell interference in indoor wireless systems},
  author={Venkatesan, S. and Lozano, A. and Valenzuela, R.},
  booktitle={Asilomar Conf. on Signals, Systems and Computers},
  pages={83--87},
  year={2007}
}

@article{ngo2017cell,
  title={Cell-free massive {MIMO} versus small cells},
  author={Ngo, H. Q. and Ashikhmin, A. and Yang, H. and Larsson, E. G. and Marzetta, T. L.},
  journal=IEEE_J_TWC,
  volume={16},
  number={3},
  pages={1834--1850},
  year={2017}
}

@article{checko2014cloud,
  title={Cloud {RAN} for mobile networks---{A} technology overview},
  author={Checko, A. and Christiansen, H. L. and Yan, Y. and Scolari, L. and Kardaras, G. and Berger, M. S. and Dittmann, L.},
  journal=IEEE_O_CSTO,
  volume={17},
  number={1},
  pages={405--426},
  year={2014}
}

@INPROCEEDINGS{UbeVilRos2008, 
author={C. Ubeda Castellanos and D. L. Villa and C. Rosa and K. I. Pedersen and F. D. Calabrese and P. H. Michaelsen and J. Michel}, 
booktitle=procvtc,
title={Performance of Uplink Fractional Power Control in {UTRAN} {LTE}}, 
year={2008}, 
pages={2517-2521}, 
month={},} %May

@inproceedings{nikbakht2019uplink,
  title={Uplink fractional power control for cell-free wireless networks},
  author={Nikbakht, R. and Lozano, A.},
  booktitle=procicc,
  pages={1--5},
  year={2019}
}

@article{nikbakht2020uplink,
  title={Uplink fractional power control and downlink power allocation for cell-free networks},
  author={Nikbakht, R. and Mosayebi, R. and Lozano, A.},
  journal=ieeewcl,
  volume={9},
  number={6},
  pages={774--777},
  year={2020}
}

@inproceedings{attarifar2018random,
  title={Random vs structured pilot assignment in cell-free massive {MIMO} wireless networks},
  author={Attarifar, M. and Abbasfar, A. and Lozano, A.},
  booktitle=prociccWS,
  year={2018}
}

@article{interdonato2019ubiquitous,
  title={Ubiquitous cell-free massive {MIMO} communications},
  author={Interdonato, G. and Bj{\"o}rnson, E. and Ngo, H. Q. and Frenger, P. and Larsson, E. G.},
  journal={EURASIP J. Wireless Commun. Netw.},
  volume={2019},
  number={1},
  pages={1--13},
  year={2019}
}

@inproceedings{chen2020efficient,
  title={Efficient drone mobility support using reinforcement learning},
  author={Chen, Yun and Lin, Xingqin and Khan, Talha and Mozaffari, Mohammad},
  booktitle=procwcnc,
  pages={1--6},
  year={2020},
  organization={IEEE}
}

@book{sutton2018reinforcement,
  title={Reinforcement learning: An introduction},
  author={Sutton, Richard S and Barto, Andrew G},
  year={2018},
  publisher={MIT Press}
}

@techreport{pCell,
     title = {An introduction to {pCell}},
     author = {S. Perlman and A. Forenza},
     year = {2015},
     institution = {Artemis Networks LLC, White paper},
     month = {},
     url = {http://www.rearden.com/artemis/An-Introduction-to-pCell-White-Paper-150224.pdf}
} %Feb.

@ARTICLE{bjornson2019making,
author={Bj{\"o}rnson, E. and Sanguinetti, L.},
journal=IEEE_J_TWC,
title={Making Cell-Free Massive {MIMO} Competitive With {MMSE} Processing and Centralized Implementation},
year={2020},
volume={19},
number={1},
pages={77--90}
}

@article{attarifar2020subset,
  title={Subset {MMSE} receivers for cell-free networks},
  author={Attarifar, Masoud and Abbasfar, Aliazam and Lozano, Angel},
  journal=IEEE_J_TWC,
  volume={19},
  number={6},
  pages={4183--4194},
  year={2020},
  publisher={IEEE}
}

@article{lozano2008interplay,
  title={Interplay of spectral efficiency, power and {Doppler} spectrum for reference-signal-assisted wireless communication},
  author={Lozano, A.},
  journal=IEEE_J_TWC,
  volume={7},
  number={12},
  pages={5020--5029},
  year={2008}
}

@article{zeng2016wireless,
  title={Wireless communications with unmanned aerial vehicles: Opportunities and challenges},
  author={Zeng, Y. and Zhang, R. and Lim, T. J.},
  journal=IEEE_M_COM,
  volume={54},
  number={5},
  pages={36--42},
  year={2016}
}

@inproceedings{valenti2014role,
  title={The role of computational outage in dense cloud-based centralized radio access networks},
  author={Valenti, M. and Talarico, S. and Rost, P.},
  booktitle=procgcom,
  year={2014}
}

@INPROCEEDINGS{8647634,
  author={D. {López-Pérez} and M. {Ding} and H. {Li} and L. {Galati Giordano} and G. {Geraci} and A. {Garcia-Rodriguez} and Z. {Lin} and M. {Hassan}},
  booktitle=procgcom, 
  title={On the Downlink Performance of {UAV} Communications in Dense Cellular Networks}, 
  year={2018},
  volume={},
  number={},
  pages={1-7},
  doi={10.1109/GLOCOM.2018.8647634}}

@ARTICLE{6375940,
  author={F. {Rusek} and D. {Persson} and B. K. {Lau} and E. G. {Larsson} and T. L. {Marzetta} and O. {Edfors} and F. {Tufvesson}},
  journal=ieeespmag, 
  title={Scaling Up {MIMO}: Opportunities and Challenges with Very Large Arrays}, 
  year={2013},
  volume={30},
  number={1},
  pages={40-60},
  doi={10.1109/MSP.2011.2178495}}

@article{bjornson2020scalable,
  title={Scalable cell-free massive {MIMO} systems},
  author={Bj{\"o}rnson, E. and Sanguinetti, L.},
  journal={IEEE Trans. Commun.},
  volume={68},
  number={7},
  pages={4247--4261},
  year={2020}
}

@article{attarifar2019modified,
  title={Modified conjugate beamforming for cell-free massive {MIMO}},
  author={Attarifar, Masoud and Abbasfar, Aliazam and Lozano, Angel},
  journal=ieeewcl,
  volume={8},
  number={2},
  pages={616--619},
  year={2019}
}

@article{nikbakht2020unsupervised,
  title={Unsupervised learning for {C-RAN} power control and power allocation},
  author={Nikbakht, Rasoul and Jonsson, Anders and Lozano, Angel},
  journal={IEEE Communications Letters},
  volume={25},
  number={3},
  pages={687--691},
  year={2020},
  publisher={IEEE}
}

@inproceedings{MMM20,
  title={Pseudo-Inverse vs Generalized Inverse for {C-RAN} Downlink Precoding},
  author={Mojahedian, M. M. and Lozano, A.},
  booktitle=procgcom,
  year={2020}
}

@article{nayebi2017precoding,
  title={Precoding and power optimization in cell-free massive {MIMO} systems},
  author={Nayebi, E. and Ashikhmin, A. and Marzetta, T. and Yang, H. and Rao, B.},
  journal=IEEE_J_TWC,
  volume={16},
  number={7},
  pages={4445--4459},
  year={2017}
}

@article{interdonato2021enhanced,
  title={Enhanced Normalized Conjugate Beamforming for Cell-Free Massive {MIMO}},
  author={Interdonato, G. and Ngo, H. Q. and Larsson, E. G.},
  journal={IEEE Trans. Commun.},
  volume={69},
  year={2021}
}

  @article{akyildiz2014terahertz,
  title={Terahertz band: Next frontier for wireless communications},
  author={Akyildiz, I. F. and Jornet, J. and Han, C.},
  journal={Physical Commun.},
  volume={12},
  pages={16--32},
  year={2014}
}

@ARTICLE{8732419,
  author={T. {Rappaport} and Y. {Xing} and O. {Kanhere} and S. {Ju} and A. {Madanayake} and S. {Mandal} and A. {Alkhateeb} and G. {Trichopoulos}},
  journal={IEEE Access}, 
  title={Wireless Communications and Applications Above 100 {GHz}: {Opportunities} and Challenges for {6G} and Beyond}, 
  year={2019},
  volume={7},
  pages={78729--78757}
}

@ARTICLE{THz120Gbps,
  author={H. {Hamada} and T. {Tsutsumi} and H. {Matsuzaki} and T. {Fujimura} and I. {Abdo} and A. {Shirane} and K. {Okada} and G. {Itami} and H. -J. {Song} and H. {Sugiyama} and H. {Nosaka}},
  journal={IEEE Journal of Solid-State Circuits}, 
  title={300-{GHz}-Band 120-{G}b/s Wireless Front-End Based on {InP-HEMT PAs} and Mixers}, 
  year={2020},
  volume={55},
  number={9},
  pages={2316--2335}
}

@ARTICLE{8443598,
  author={B. {Wang} and F. {Gao} and S. {Jin} and H. {Lin} and G. Y. {Li} and S. {Sun} and T. S. {Rappaport}},
  journal=IEEE_M_COM, 
  title={Spatial-Wideband Effect in Massive {MIMO} with Application in {mmWave} Systems}, 
  year={2018},
  volume={56},
  number={12},
  pages={134--141}
}

@article{piesiewicz2007short,
  title={Short-range ultra-broadband terahertz communications: Concepts and perspectives},
  author={Piesiewicz, R. and Kleine-Ostmann, T. and Krumbholz, N. and Mittleman, D. and Koch, M. and Schoebel, J. and Kurner, T.},
  journal=IEEE_M_AP,
  volume={49},
  number={6},
  pages={24--39},
  year={2007}
}

@article{elayan2019terahertz,
  title={Terahertz band: The last piece of {RF} spectrum puzzle for communication systems},
  author={Elayan, H. and Amin, O. and Shihada, B. and Shubair, R. and Alouini, M.-S.},
  journal={IEEE Open J. Commun. Society},
  volume={1},
  pages={1--32},
  year={2019}
}

@article{Driessen:99,
 author = {P. F. Driessen and G. Foschini},
 title = {On the capacity formula for multiple input-multiple output wireless channels: A geometric interpretation},
 journal = {IEEE Trans. Commun.},
 volume = {47},
 number = {2},
 pages = {173--176},
 month = {},
 year = {1999},
} %Feb.

@article{jiang2005spherical,
  title={Spherical-wave model for short-range {MIMO}},
  author={Jiang, J.-S. and Ingram, M. A.},
  journal={IEEE Trans. Commun.},
  volume={53},
  number={9},
  pages={1534--1541},
  year={2005}
}

@article{DooCM2020,
  title={Terahertz Line-Of-Sight {MIMO} Communication: {Theory} and Practical Challenges},
  author={Do, H. and Cho, S. and Park, J. and Song, H.-J. and Lee, N. and Lozano, A.},
  journal=IEEE_M_COM,
  volume={59},
  year={2021}
}

@article{bohagen2007design,
  title={Design of optimal high-rank line-of-sight {MIMO} channels},
  author={Bohagen, F. and Orten, P. and Oien, G. E.},
  journal=IEEE_J_TWC,
  volume={6},
  number={4},
  pages={1420--1425},
  year={2007}
}

@article{torkildson2011indoor,
  title={Indoor millimeter wave {MIMO}: Feasibility and performance},
  author={Torkildson, E. and Madhow, U. and Rodwell, M.},
  journal=IEEE_J_TWC,
  volume={10},
  number={12},
  pages={4150--4160},
  year={2011}
}

@article{lee2008analog,
  title={Analog-to-digital converters: Digitizing the analog world},
  author={Lee, H.-S. and Sodini, C. G.},
  journal={Proc. IEEE},
  volume={96},
  number={2},
  pages={323--334},
  year={2008}
}

@inproceedings{mezghani2009transmit,
  title={Transmit processing with low resolution {D/A}-converters},
  author={Mezghani, A. and Ghiat, R. and Nossek, J.},
  booktitle={IEEE Int'l Conf. Electronics, Circuits and Systems-(ICECS'09)},
  pages={683--686},
  year={2009}
}

@article{mo2015capacity,
  title={Capacity analysis of one-bit quantized {MIMO} systems with transmitter channel state information},
  author={Mo, J. and Heath, R. W.},
  journal={IEEE Trans. Signal Processing},
  volume={63},
  number={20},
  pages={5498--5512},
  year={2015}
}

@inproceedings{gao2017power,
  title={Power-performance analysis of a simple one-bit transceiver},
  author={Gao, K. and Estes, N. and Hochwald, B. and Chisum, J. and Laneman, N.},
  booktitle={Inform. Theory and Applic. Workshop (ITA)},
  year={2017}
}

@inproceedings{nossek2006capacity,
  title={Capacity and coding for quantized {MIMO} systems},
  author={Nossek, J. A. and Ivrla{\v{c}}, M. T.},
  booktitle={Int'l Conf. Wireless Commun. and Mobile Computing},
  pages={1387--1392},
  year={2006}
}

@ARTICLE{8974403,
  author={D. {Xu} and Y. {Sun} and D. W. K. {Ng} and R. {Schober}},
  journal={IEEE Trans. Communications}, 
  title={Multiuser {MISO} {UAV} Communications in Uncertain Environments With No-Fly Zones: Robust Trajectory and Resource Allocation Design}, 
  year={2020},
  volume={68},
  number={5},
  pages={3153--3172}
}

@ARTICLE{6868215,
  author={M. {Ryll} and H. H. {Bülthoff} and P. R. {Giordano}},
  journal=ieeetvt, 
  title={A Novel Overactuated Quadrotor Unmanned Aerial Vehicle: Modeling, Control, and Experimental Validation}, 
  year={2015},
  volume={23},
  number={2},
  pages={540--556}
}

@ARTICLE{9206092,
  author={M. {Banagar} and H. S. {Dhillon} and A. F. {Molisch}},
  journal=ieeetvt, 
  title={Impact of {UAV} Wobbling on the Air-to-Ground Wireless Channel}, 
  year={2020},
  volume={69},
  number={11},
  pages={14025--14030}
}

@article{BouNolLie2020,
  title={{6G} White Paper on Localization and Sensing},
  author={{A. Bourdoux \emph{et al.}}},
  journal={ preprint 2006.01779},
  year={2020}
}

@inproceedings{militaru2018uav,
  title={{UAV-to-UAV} communication options for civilian applications},
  author={Militaru, Gabriel and Popescu, Dan and Ichim, Loretta},
  booktitle={2018 26th Telecommunications Forum (TELFOR)},
  pages={1--4},
  year={2018},
  organization={IEEE}
}

@article{li2020air,
  title={Air-to-Air Communications Beyond {5G}: A Novel 3D {CoMP} Transmission Scheme},
  author={Li, Yan and Miridakis, Nikolaos I and Tsiftsis, Theodoros A and Yang, Guanghua and Xia, Minghua},
  journal=IEEE_J_TWC,
  volume={19},
  number={11},
  pages={7324--7338},
  year={2020},
  publisher={IEEE}
}

@article{dabiri2020analytical,
  title={Analytical channel models for millimeter wave UAV networks under hovering fluctuations},
  author={Dabiri, Mohammad Taghi and Safi, Hossein and Parsaeefard, Saeedeh and Saad, Walid},
  journal=IEEE_J_TWC,
  volume={19},
  number={4},
  pages={2868--2883},
  year={2020},
  publisher={IEEE}
}


@misc{noauthor_satellite_nodate,
	title = {Satellite components for the {5G} system},
	url = {https://www.3gpp.org/news-events/1933-sat_ntn},
	urldate = {2021-03-10},
}

@article{KodheliLMSSMDSC21,
  author    = {Oltjon Kodheli and
               Eva Lagunas and
               Nicola Maturo and
               Shree Krishna Sharma and
               Bhavani Shankar and
               Jesus Fabian Mendoza Montoya and
               Juan Carlos Merlano Duncan and
               Danilo Spano and
               Symeon Chatzinotas and
               Steven Kisseleff and
               Jorge Querol and
               Lei Lei and
               Thang X. Vu and
               George Goussetis},
  title     = {Satellite Communications in the New Space Era: {A} Survey and Future Challenges},
  journal   = {{IEEE} Commun. Surv. Tutorials},
  volume    = {23},
  number    = {1},
  pages     = {70--109},
  year      = {2021},
}

@article{DBLP:journals/access/LagunasTSC20,
  author    = {Eva Lagunas and
               Christos G. Tsinos and
               Shree Krishna Sharma and
               Symeon Chatzinotas},
  title     = {{5G} Cellular and Fixed Satellite Service Spectrum Coexistence in {C}-Band},
  journal   = {{IEEE} Access},
  volume    = {8},
  pages     = {72078--72094},
  year      = {2020},
}

@article{VuPCMGR20,
  author    = {Thang X. Vu and
               Yannick Poirier and
               Symeon Chatzinotas and
               Nicola Maturo and
               Joel Grotz and
               Frederic Roelens},
  title     = {Modeling and implementation of {5G} edge caching over satellite},
  journal   = {Int. J. Satell. Commun. Netw.},
  volume    = {38},
  number    = {5},
  pages     = {395--406},
  year      = {2020},
}

@inproceedings{DBLP:conf/asms-spsc/Al-HraishawiLC20,
  author    = {Hayder Al{-}Hraishawi and
               Eva Lagunas and
               Symeon Chatzinotas},
  title     = {Traffic Simulator for Multibeam Satellite Communication Systems},
  booktitle = {{ASMS/SPSC Workshop}},
  pages     = {1--8},
  year      = {2020},
}

@article{DBLP:journals/spm/Perez-NeiraVSMC19,
  author    = {Ana I. P{\'{e}}rez{-}Neira and
               Miguel {\'{A}}ngel V{\'{a}}zquez and
               M. R. Bhavani Shankar and
               Sina Maleki and
               Symeon Chatzinotas},
  title     = {Signal Processing for High-Throughput Satellites: Challenges in new interference-limited scenarios},
  journal   = IEEE_M_SP,
  volume    = {36},
  number    = {4},
  pages     = {112--131},
  year      = {2019},
}

@article{DBLP:journals/tvt/GuidottiVCACMEA19,
  author    = {Alessandro Guidotti and
               Alessandro Vanelli{-}Coralli and
               Matteo Conti and
               Stefano Andrenacci and
               Symeon Chatzinotas and
               Nicola Maturo and
               Barry G. Evans and
               Adegbenga B. Awoseyila and
               Alessandro Ugolini and
               Tommaso Foggi and
               Lorenzo Gaudio and
               Nader Alagha and
               Stefano Cioni},
  title     = {Architectures and Key Technical Challenges for {5G} Systems Incorporating Satellites},
  journal   = IEEE_J_VT,
  volume    = {68},
  number    = {3},
  pages     = {2624--2639},
  year      = {2019},
}

@ARTICLE{8411107,
  author={M. {Shaat} and E. {Lagunas} and A. I. {Perez-Neira} and S. {Chatzinotas}},
  journal=IEEE_M_VT, 
  title={Integrated Terrestrial-Satellite Wireless Backhauling: Resource Management and Benefits for {5G}}, 
  year={2018},
  volume={13},
  number={3},
  pages={39-47},}
  
  @article{DBLP:journals/access/KodheliAMCZ19,
  author    = {Oltjon Kodheli and
               Stefano Andrenacci and
               Nicola Maturo and
               Symeon Chatzinotas and
               Frank Zimmer},
  title     = {An Uplink {UE} Group-Based Scheduling Technique for {5G} {mMTC} Systems Over {LEO} Satellite},
  journal   = {{IEEE} Access},
  volume    = {7},
  pages     = {67413--67427},
  year      = {2019},
}

@article{DBLP:journals/twc/ChristopoulosCO15,
  author    = {Dimitrios Christopoulos and
               Symeon Chatzinotas and
               Bj{\"{o}}rn E. Ottersten},
  title     = {Multicast Multigroup Precoding and User Scheduling for Frame-Based Satellite Communications},
  journal   = {{IEEE} Trans. Wireless Commun.},
  volume    = {14},
  number    = {9},
  pages     = {4695--4707},
  year      = {2015},
}

@article{KibriaLMAC20,
  author    = {Mirza Golam Kibria and
               Eva Lagunas and
               Nicola Maturo and
               Hayder Al{-}Hraishawi and
               Symeon Chatzinotas},
  title     = {Carrier Aggregation in Satellite Communications: Impact and Performance Study},
  journal   = {{IEEE} Open J. Commun. Soc.},
  volume    = {1},
  pages     = {1390--1402},
  year      = {2020},
}

@article{DBLP:journals/tvt/WangLLPCO21,
  author    = {Anyue Wang and
               Lei Lei and
               Eva Lagunas and
               Ana I. P{\'{e}}rez{-}Neira and
               Symeon Chatzinotas and
               Bj{\"{o}}rn E. Ottersten},
  title     = {{NOMA}-Enabled Multi-Beam Satellite Systems: Joint Optimization to Overcome Offered-Requested Data Mismatches},
  journal   = IEEE_J_VT,
  volume    = {70},
  number    = {1},
  pages     = {900--913},
  year      = {2021},
}

@article{DBLP:journals/access/LeiLYKCO20,
  author    = {Lei Lei and
               Eva Lagunas and
               Yaxiong Yuan and
               Mirza Golam Kibria and
               Symeon Chatzinotas and
               Bj{\"{o}}rn E. Ottersten},
  title     = {Beam Illumination Pattern Design in Satellite Networks: Learning and Optimization for Efficient Beam Hopping},
  journal   = {{IEEE} Access},
  volume    = {8},
  pages     = {136655--136667},
  year      = {2020},
}

@article{noauthor_covid_2021,
	chapter = {Glasgow \& West Scotland},
	title = {Covid in {Scotland}: {Drones} to carry {Covid} samples},
	shorttitle = {Covid in {Scotland}},
	url = {https://www.bbc.com/news/uk-scotland-glasgow-west-56154503.},
	abstract = {The medical cargo is being carried up to 40 miles in hard-to-reach parts of Argyll and Bute.},
	language = {en-GB},
	urldate = {2021-03-10},
	journal = {BBC News},
	month = {Feb.},
	year = {2021},
} %feb,

@ARTICLE{9373415,
  author={J. {Krivochiza} and J. C. M. {Duncan} and J. {Querol} and N. {Maturo} and L. M. {Marrero} and S. {Andrenacci} and J. {Krause} and S. {Chatzinotas}},
  journal={IEEE Access}, 
  title={End-to-end Precoding Validation over a Live {GEO} Satellite Forward Link}, 
  year={2021},
  volume={},
  number={},
  pages={1-1},
  doi={10.1109/ACCESS.2021.3064980}}
  
@article{WSJ21,
	author = {{The Wall Street Journal}},
	title = {Forget self-driving cars---the {Pentagon} wants autonomous ships, choppers and jets}, 
	year = {2021},
}   

@INPROCEEDINGS{semkin2021lightweight,
author={Vasilii Semkin and Seongjoon Kang and Jaakko Haarla and William Xia and Ismo Huhtinen and Giovanni Geraci and Angel Lozano and Giuseppe Loianno and Marco Mezzavilla and Sundeep Rangan},
title={Lightweight {UAV}-based Measurement System for Air-to-Ground Channels at 28 {GHz}}, 
booktitle = {Proc. IEEE PIMRC},
year={2021},
}

@INPROCEEDINGS{KanMezLoz2021,
author={S. Kang and M. Mezzavilla and A. Lozano and G. Geraci and W. Xia and S. Rangan and V. Semkin and G. Loianno},
title={Millimeter-Wave {UAV} Coverage in Urban Environments}, 
booktitle = {Proc. IEEE Globecom},
year={2021},
}

@misc{sj-github,
    title = {{Github: Millimeter-Wave UAV Coverage in Urban Environments}},
    howpublished = {\url{https://github.com/sk8053/uavchanmod}},
    }
    
    @INPROCEEDINGS{BarGalGar2018GC, 
author={P.~Baracca and {L.~Galati Giordano} and A.~Garcia-Rodriguez and G.~Geraci and {D.~L\'{o}pez-P\'{e}rez}}, 
booktitle={Proc. IEEE Globecom},
title={Downlink Performance of Uplink Fractional Power Control in {5G} Massive {MIMO} Systems}, 
year={2018},
} %Dec.

@INPROCEEDINGS{GalCamLop2018,
  author={Galati Giordano, Lorenzo and Campanalonga, Luca and L\'{o}pez-P\'{e}rez, David and Garcia-Rodriguez, Adrian and Geraci, Giovanni and Baracca, Paolo and Magarini, Maurizio},
  booktitle=procwcnc, 
  title={Uplink sounding reference signal coordination to combat pilot contamination in {5G} massive {MIMO}}, 
  year={2018},
  pages={1-6},}

@article{george2015analytical,
  title={An analytical framework for device-to-device communication in cellular networks},
  author={George, G. and Mungara, R. and Lozano, A.},
  journal={IEEE Trans. Wireless Commun.},
  volume={14},
  number={11},
  pages={6297--6310},
  year={2015}
}

@ARTICLE{AbdPowMar2020,
  author={A. S. {Abdalla} and K. {Powell} and V. {Marojevic} and G. {Geraci}},
  journal={IEEE Wireless Commun.}, 
  title={{UAV}-Assisted Attack Prevention, Detection, and Recovery of {5G} Networks}, 
  year={2020},
  volume={27},
  number={4},
  pages={40-47},}
  
@MISC{5GAmericas2021,
Author = {{5G Americas}},
Title ={{3GPP R}eleases 16 \& 17 \& beyond},
year={2021},
}

@article{3GPP38811,
author={{3GPP Technical Report 38.811}},
title={{Study on New Radio (NR) to support non-terrestrial networks (Release 15)}},
year={2020},
month={Sep.},
}

@article{3GPP38821,
author={{3GPP Technical Report 38.821}},
title={{Solutions for NR to support non-terrestrial networks (NTN) (Release 16)}},
year={2019},
month={Dec.},
}

@article{3GPP36763,
author={{3GPP Technical Report 36.763}},
title={{Study on Narrow-Band Internet of Things (NB-IoT) / enhanced Machine Type Communication (eMTC) support for Non-Terrestrial Networks (NTN) (Release 17)}},
year={2021},
month={Mar.},
}

@ARTICLE{EulLinTej2021,
author={S. Euler and X. Lin and E. Tejedor and E. Obregon},
title={A primer on {HIBS} --- High altitude platform stations as {IMT} base stations}, 
journal = {{arXiv preprint 2101.03072}},
year={2021},
}

@ARTICLE{CaoYanAlz2018,
  author={X. {Cao} and P. {Yang} and M. {Alzenad} and X. {Xi} and D. {Wu} and H. {Yanikomeroglu}},
  journal=IEEE_J_JSAC, 
  title={Airborne Communication Networks: A Survey}, 
  year={2018},
  volume={36},
  number={9},
  pages={1907-1926},}
  
  
  
  
  
  
  
%=================================================
%=================================================
%=================================================
\@article{DBLP:THz,
author    = {Yijin Pan and Kezhi Wang and Cunhua Pan and Huiling Zhu and Jiangzhou Wang
},
  title     = {{UAV}-Assisted and Intelligent Reflecting Surfaces-Supported Terahertz Communications
},
  year      = {2020},
  journal = {{arXiv preprint 2010.14223}},
}



\@article{DBLP:AgeofInformation,
author    = {Moataz Samir and Mohamed Elhattab and Chadi Assi and Sanaa Sharafeddine and Ali Ghrayeb
},
  title     = {Optimizing Age of Information Through Aerial Reconfigurable Intelligent Surfaces: A Deep Reinforcement Learning Approach
},
  year      = {2020},
  journal={arXiv preprint 2011.04817},
}



\@article{DBLP:DRL,
author    = {Liang Wang and Kezhi Wang and Cunhua Pan and Wei Xu and Nauman Aslam
},
  title     = {Joint Trajectory and Passive Beamforming Design for Intelligent Reflecting Surface-Aided {UAV}
Communications: A Deep Reinforcement Learning Approach
},
  year      = {2020},
  journal={arXiv preprint 2007.08380},
}



\@article{DBLP:PhaseError,
author    = {M. Al-Jarrah and A. Al-Dweik and E. Alsusa and Y. Iraqi and M.-S. Alouini
},
  title     = {{IRS}-Assisted {UAV} Communications with Imperfect Phase Compensation
},
  year      = {2020},
  journal={TechRxiv preprint 13153211},
}




\@article{DBLP:3DBeamFlattening,
author    = {Haiquan Lu and Yong Zeng and Shi Jin and Rui Zhang
},
  title     = {Aerial Intelligent Reflecting Surface: Joint Placement and Passive Beamforming Design with {3D} Beam Flattening
},
  year      = {2020},
  journal={arXiv preprint 2007.13295},
}



@article{DBLP:journals/corr/abs-2103-08427,
  author    = {Romain Fara and
               Dinh{-}Thuy Phan{-}Huy and
               Philippe Ratajczak and
               Abdelwaheb Ourir and
               Marco {Di Renzo} and
               Julien de Rosny},
  title     = {Reconfigurable Intelligent Surface-Assisted Ambient Backscatter Communications
               - {E}xperimental Assessment},
  year      = {2021},
  journal={arXiv preprint 2103.08427},
}





@article{DBLP:journals/corr/abs-2104-06265,
  author    = {Emilio {Calvanese Strinati} and
               George C. Alexandropoulos and
               Vincenzo Sciancalepore and
               Marco {Di Renzo} and
               Henk Wymeersch and
               Dinh Thuy Phan Huy and
               Maurizio Crozzoli and
               Raffaele D'Errico and
               Elisabeth de Carvalho and
               Petar Popovski and
               Paolo Di Lorenzo and
               Luca Bastianelli and
               Mathieu Belouar and
               Julien{-}Etienne Mascolo and
               Gabriele Gradoni and
               Sendy Phang and
               Geoffroy Lerosey and
               Beno{\^{\i}}t Denis},
  title     = {Wireless Environment as a Service Enabled by Reconfigurable Intelligent
               Surfaces: The {RISE-6G} Perspective},
  year      = {2021},
  journal={arXiv preprint 2104.06265},
}




@article{DBLP:journals/jsac/RenzoZDAYRT20,
  author    = {Marco {Di Renzo} and
               Alessio Zappone and
               M{\'{e}}rouane Debbah and
               Mohamed{-}Slim Alouini and
               Chau Yuen and
               Julien de Rosny and
               Sergei A. Tretyakov},
  title     = {Smart Radio Environments Empowered by Reconfigurable Intelligent Surfaces:
               How It Works, State of Research, and The Road Ahead},
  journal   = IEEE_J_JSAC,
  volume    = {38},
  number    = {11},
  pages     = {2450--2525},
  year      = {2020},
}



@article{DBLP:journals/ojcs/RenzoNSDQLRPSZD20,
  author    = {Marco {Di Renzo} and
               Konstantinos Ntontin and
               Jian Song and
               Fadil Habibi Danufane and
               Xuewen Qian and
               Fotis I. Lazarakis and
               Julien de Rosny and
               Dinh{-}Thuy Phan{-}Huy and
               Osvaldo Simeone and
               Rui Zhang and
               M{\'{e}}rouane Debbah and
               Geoffroy Lerosey and
               Mathias Fink and
               Sergei A. Tretyakov and
               Shlomo Shamai},
  title     = {Reconfigurable Intelligent Surfaces vs. Relaying: Differences, Similarities,
               and Performance Comparison},
  journal   = {{IEEE} Open J. Commun. Soc.},
  volume    = {1},
  pages     = {798--807},
  year      = {2020},
}




@article{DBLP:journals/wc/HuangHAZYZRD20,
  author    = {Chongwen Huang and
               Sha Hu and
               George C. Alexandropoulos and
               Alessio Zappone and
               Chau Yuen and
               Rui Zhang and
               Marco {Di Renzo} and
               M{\'{e}}rouane Debbah},
  title     = {Holographic {MIMO} Surfaces for 6G Wireless Networks: Opportunities,
               Challenges, and Trends},
  journal   = {{IEEE} Wireless Commun.},
  volume    = {27},
  number    = {5},
  pages     = {118--125},
  year      = {2020},
}





@article{DBLP:journals/corr/abs-2009-00789,
  author    = {Qiang Li and
               Miaowen Wen and
               Marco {Di Renzo}},
  title     = {Single-{RF} {MIMO:} From Spatial Modulation to Metasurface-Based Modulation},
  year      = {2020},
  journal={arXiv preprint 2009.00789},
}





@article{DBLP:journals/corr/abs-2011-00765,
  author    = {Shuhang Zhang and
               Hongliang Zhang and
               Boya Di and
               Yunhua Tan and
               Marco {Di Renzo} and
               Zhu Han and
               H. Vincent Poor and
               Lingyang Song},
  title     = {Intelligent Omni-Surface: Ubiquitous Wireless Transmission by Reflective-Transmissive
               Metasurface},
  year      = {2020},
  journal={arXiv preprint 2011.00765},
}






@article{DBLP:journals/access/BasarRRDAZ19,
  author    = {Ertugrul Basar and
               Marco {Di Renzo} and
               Julien de Rosny and
               M{\'{e}}rouane Debbah and
               Mohamed{-}Slim Alouini and
               Rui Zhang},
  title     = {Wireless Communications Through Reconfigurable Intelligent Surfaces},
  journal   = {{IEEE} Access},
  volume    = {7},
  pages     = {116753--116773},
  year      = {2019},
}




@article{DBLP:journals/ejwcn/RenzoS19,
  author    = {Marco {Di Renzo} and
               Jian Song},
  title     = {Reflection probability in wireless networks with metasurface-coated
               environmental objects: an approach based on random spatial processes},
  journal   = {{EURASIP} J. Wireless Commun. Networks},
  volume    = {2019},
  pages     = {99},
  year      = {2019},
}




@article{DBLP:journals/ejwcn/RenzoDHZAYSAHGR19,
  author    = {Marco {Di Renzo} and
               M{\'{e}}rouane Debbah and
               Dinh Thuy Phan Huy and
               Alessio Zappone and
               Mohamed{-}Slim Alouini and
               Chau Yuen and
               Vincenzo Sciancalepore and
               George C. Alexandropoulos and
               Jakob Hoydis and
               Haris Gacanin and
               Julien de Rosny and
               Ahc{\`{e}}ne Bounceur and
               Geoffroy Lerosey and
               Mathias Fink},
  title     = {Smart radio environments empowered by reconfigurable {AI} meta-surfaces:
               an idea whose time has come},
  journal   = {{EURASIP} J. Wireless Commun. Networks},
  volume    = {2019},
  pages     = {129},
  year      = {2019},
}




@article{DBLP:journals/tvt/YangMZHR20,
  author    = {Liang Yang and
               Fanxu Meng and
               Jiayi Zhang and
               Mazen O. Hasna and
               Marco {Di Renzo}},
  title     = {On the Performance of {RIS}-Assisted Dual-Hop {UAV} Communication Systems},
  journal   = IEEE_J_VT,
  volume    = {69},
  number    = {9},
  pages     = {10385--10390},
  year      = {2020},
}

@article{DBLP:journals/corr/abs-2104-06758,
  author    = {Xuelin Cao and
               Bo Yang and
               Chongwen Huang and
               Chau Yuen and
               Marco {Di Renzo} and
               Dusit Niyato and
               Zhu Han},
  title     = {Reconfigurable Intelligent Surface-Assisted Aerial-Terrestrial Communications
               via Multi-Task Learning},
  year      = {2021},
  journal={arXiv preprint 2104.06758},
}



@article{DBLP:journals/corr/abs-2012-04775,
  author    = {Aly Sabri Abdalla and
               Talha Faizur Rahman and
               Vuk Marojevic},
  title     = {{UAVs} with Reconfigurable Intelligent Surfaces: Applications, Challenges,
               and Opportunities},
  year      = {2020},
  journal={arXiv preprint 2012.04775},
}



@article{DBLP:journals/corr/abs-2101-09145,
  author    = {Xidong Mu and
               Yuanwei Liu and
               Li Guo and
               Jiaru Lin and
               H. Vincent Poor},
  title     = {Intelligent Reflecting Surface Enhanced Multi-{UAV} {NOMA} Networks},
  year      = {2021},
  journal={arXiv preprint 2101.09145},
}





@inproceedings{DBLP:conf/iccchina/LiL20,
  author    = {Jingyi Li and
               Jiajia Liu},
  title     = {Sum Rate Maximization via Reconfigurable Intelligent Surface in {UAV}
               Communication: Phase Shift and Trajectory Optimization},
  booktitle = {{IEEE/CIC} Int. Conf. on Commun. in China,
               ({ICCC})},
  pages     = {124--129},
  year      = {2020},
}




@inproceedings{DBLP:conf/wcnc/00010H20,
  author    = {Dong Ma and
               Ming Ding and
               Mahbub Hassan},
  title     = {Enhancing Cellular Communications for UAVs via Intelligent Reflective
               Surface},
  booktitle = {2020 {IEEE} Wireless Communications and Networking Conference, {WCNC}
               2020, Seoul, Korea (South), May 25-28, 2020},
  pages     = {1--6},
  publisher = {{IEEE}},
  year      = {2020},
  url       = {https://doi.org/10.1109/WCNC45663.2020.9120632},
  doi       = {10.1109/WCNC45663.2020.9120632},
  timestamp = {Sat, 05 Sep 2020 18:01:01 +0200},
  biburl    = {https://dblp.org/rec/conf/wcnc/00010H20.bib},
  bibsource = {dblp computer science bibliography, https://dblp.org}
}




@inproceedings{DBLP:conf/globecom/ZhangSB19,
  author    = {Qianqian Zhang and
               Walid Saad and
               Mehdi Bennis},
  title     = {Reflections in the Sky: Millimeter Wave Communication with {UAV}-Carried
               Intelligent Reflectors},
  booktitle = procgcom,
  pages     = {1--6},
  publisher = {{IEEE}},
  year      = {2019},
}



\@article{DBLP:ReflectionsSky,
author    = {Hui Long and
               Ming Chen and
               Zhaohui Yang and
               Bao Wang and
               Zhiyang Li and
Xu Yun and
Mohammad Shikh-Bahaei
},
  title     = {Reflections in the Sky: Joint Trajectory and Passive Beamforming Design for Secure UAV Networks with Reconfigurable Intelligent Surface
},
  year      = {2020},
  journal={arXiv preprint 2005.10559},
}


@article{DBLP:journals/access/GeDZWY20,
  author    = {Linghui Ge and
               Peihao Dong and
               Hua Zhang and
               Jun{-}Bo Wang and
               Xiaohu You},
  title     = {Joint Beamforming and Trajectory Optimization for Intelligent Reflecting
               Surfaces-Assisted {UAV} Communications},
  journal   = {{IEEE} Access},
  volume    = {8},
  pages     = {78702--78712},
  year      = {2020},
}





@inproceedings{DBLP:conf/icc/CaiWHNY20,
  author    = {Yuanxin Cai and
               Zhiqiang Wei and
               Shaokang Hu and
               Derrick Wing Kwan Ng and
               Jinhong Yuan},
  title     = {Resource Allocation for Power-Efficient {IRS}-Assisted {UAV} Communications},
  booktitle = prociccWS,
  pages     = {1--7},
  year      = {2020},
}




@article{DBLP:journals/tcom/ShafiqueTH21,
  author    = {Taniya Shafique and
               Hina Tabassum and
               Ekram Hossain},
  title     = {Optimization of Wireless Relaying With Flexible {UAV}-Borne Reflecting
               Surfaces},
  journal   = {{IEEE} Trans. Commun.},
  volume    = {69},
  number    = {1},
  pages     = {309--325},
  year      = {2021},
}





@article{DBLP:journals/corr/abs-2007-14029,
  author    = {Meng Hua and
               Luxi Yang and
               Qingqing Wu and
               Cunhua Pan and
               Chunguo Li and
               A. Lee Swindlehurst},
  title     = {{UAV}-Assisted Intelligent Reflecting Surface Symbiotic Radio System},
  year      = {2020},
  journal={arXiv preprint 2007.14029},
  }




@article{DBLP:journals/wcl/FangC021,
  author    = {Sisai Fang and
               Gaojie Chen and
               Yonghui Li},
  title     = {Joint Optimization for Secure Intelligent Reflecting Surface Assisted
               {UAV} Networks},
  journal   = {{IEEE} Wireless Commun. Letters},
  volume    = {10},
  number    = {2},
  pages     = {276--280},
  year      = {2021},
  url       = {https://doi.org/10.1109/LWC.2020.3027969},
  doi       = {10.1109/LWC.2020.3027969},
  timestamp = {Tue, 02 Mar 2021 11:24:48 +0100},
  biburl    = {https://dblp.org/rec/journals/wcl/FangC021.bib},
  bibsource = {dblp computer science bibliography, https://dblp.org}
}




@article{DBLP:journals/twc/WeiCSNYZS21,
  author    = {Zhiqiang Wei and
               Yuanxin Cai and
               Zhuo Sun and
               Derrick Wing Kwan Ng and
               Jinhong Yuan and
               Mingyu Zhou and
               Lixin Sun},
  title     = {Sum-Rate Maximization for {IRS}-Assisted {UAV} {OFDMA} Communication
               Systems},
  journal   = {{IEEE} Trans. Wireless Commun.},
  volume    = {20},
  number    = {4},
  pages     = {2530--2550},
  year      = {2021},
}




@article{DBLP:journals/corr/abs-2103-07151,
  author    = {Changsheng You and
               Zhenyu Kang and
               Yong Zeng and
               Rui Zhang},
  title     = {Enabling Smart Reflection in Integrated Air-Ground Wireless Network:
               {IRS} Meets {UAV}},
  year      = {2021},
  journal={arXiv preprint 2103.07151},
}

@inproceedings{DBLP:conf/globecom/LongCYLWXS20,
  author    = {Hui Long and
               Ming Chen and
               Zhaohui Yang and
               Zhiyang Li and
               Bao Wang and
               Yun Xu and
               Mohammad Shikh{-}Bahaei},
  title     = {Joint Trajectory and Passive Beamforming Design for Secure {UAV} Networks
               with {RIS}},
  booktitle = {{IEEE} Globecom Workshops, {GLOBECOM} Workshops 2020, Virtual Event,
               Taiwan, December 7-11, 2020},
  pages     = {1--6},
  publisher = {{IEEE}},
  year      = {2020},
  url       = {https://doi.org/10.1109/GCWkshps50303.2020.9367542},
  doi       = {10.1109/GCWkshps50303.2020.9367542},
  timestamp = {Thu, 11 Mar 2021 09:42:19 +0100},
  biburl    = {https://dblp.org/rec/conf/globecom/LongCYLWXS20.bib},
  bibsource = {dblp computer science bibliography, https://dblp.org}
}





@article{DBLP:journals/iotj/RanjhaK21a,
  author    = {Ali Ranjha and
               Georges Kaddoum},
  title     = {{URLLC} Facilitated by Mobile {UAV} Relay and {RIS:} {A} Joint Design
               of Passive Beamforming, Blocklength, and {UAV} Positioning},
  journal   = {{IEEE} Internet Things J.},
  volume    = {8},
  number    = {6},
  pages     = {4618--4627},
  year      = {2021},
}



@article{DBLP:journals/corr/abs-2101-06565,
  author    = {Christantus O. Nnamani and
               Muhammad R. A. Khandaker and
               Mathini Sellathurai},
  title     = {Joint Beamforming and Location Optimization for Secure Data Collection
               in Wireless Sensor Networks with UAV-Carried Intelligent Reflecting
               Surface},
  year      = {2021},
  journal={arXiv preprint 2101.06565},
}



@article{DBLP:journals/corr/abs-2008-09404,
  author    = {Sixian Li and
               Bin Duo and
               Marco {Di Renzo} and
               Meixia Tao and
               Xiaojun Yuan},
  title     = {Robust Secure {UAV} Communications with the Aid of Reconfigurable
               Intelligent Surfaces},
  year      = {2020},
  journal={arXiv preprint 2008.09404},
}




@article{DBLP:journals/corr/abs-2007-02759,
  author    = {Qingqing Wu and
               Shuowen Zhang and
               Beixiong Zheng and
               Changsheng You and
               Rui Zhang},
  title     = {Intelligent Reflecting Surface Aided Wireless Communications: {A}
               Tutorial},
  year      = {2020},
  journal={arXiv preprint 2007.02759},
}



@article{DBLP:journals/corr/abs-2002-11040,
  author    = {Haris Gacanin and
               Marco {Di Renzo}},
  title     = {Wireless 2.0: Towards an Intelligent Radio Environment Empowered by
               Reconfigurable Meta-Surfaces and Artificial Intelligence},
  year      = {2020},
  journal={arXiv preprint 2002.11040},
}

@ARTICLE{DBLP:journals/corr/abs-1808-01672,
  author={Zappone, Alessio and {Di Renzo}, Marco and Debbah, Merouane and Lam, Thanh Tu and Qian, Xuewen},
  journal=IEEE_M_VT, 
  title={Model-Aided Wireless Artificial Intelligence: Embedding Expert Knowledge in Deep Neural Networks for Wireless System Optimization}, 
  year={2019},
  volume={14},
  number={3},
  pages={60-69},
  doi={10.1109/MVT.2019.2921627}}



@article{DBLP:journals/tcom/ZapponeRD19,
  author    = {Alessio Zappone and
               Marco {Di Renzo} and
               M{\'{e}}rouane Debbah},
  title     = {Wireless Networks Design in the Era of Deep Learning: Model-Based,
               {AI}-Based, or Both?},
  journal   = {{IEEE} Trans. Commun.},
  volume    = {67},
  number    = {10},
  pages     = {7331--7376},
  year      = {2019},
}


@article{DBLP:journals/corr/abs-2007-13158,
  author    = {Fadil Habibi Danufane and
               Marco {Di Renzo} and
               Julien de Rosny and
               Sergei A. Tretyakov},
  title     = {On the Path-Loss of Reconfigurable Intelligent Surfaces: An Approach
               Based on Green's Theorem Applied to Vector Fields},
  year      = {2020},
  journal={arXiv preprint 2007.13158},
}


@article{DBLP:journals/cm/WuZ20,
  author    = {Qingqing Wu and
               Rui Zhang},
  title     = {Towards Smart and Reconfigurable Environment: Intelligent Reflecting
               Surface Aided Wireless Network},
  journal   = IEEE_M_COM,
  volume    = {58},
  number    = {1},
  pages     = {106--112},
  year      = {2020},
}




@article{DBLP:journals/corr/abs-2009-02694,
  author    = {Gabriele Gradoni and
               Marco {Di Renzo}},
  title     = {End-to-End Mutual-Coupling-Aware Communication Model for Reconfigurable
               Intelligent Surfaces: An Electromagnetic-Compliant Approach Based
               on Mutual Impedances},
  year      = {2020},
  journal={arXiv preprint 2009.02694},
}



@article{DBLP:journals/corr/abs-2102-07155,
  author    = {Andrea Abrardo and
               Davide Dardari and
               Marco {Di Renzo} and
               Xuewen Qian},
  title     = {{MIMO} Interference Channels Assisted by Reconfigurable Intelligent
               Surfaces: Mutual Coupling Aware Sum-Rate Optimization Based on a Mutual
               Impedance Channel Model},
  year      = {2021},
  journal={arXiv preprint 2102.07155},
}




@article{DBLP:journals/corr/abs-2011-14373,
  author    = {Xuewen Qian and
               Marco {Di Renzo}},
  title     = {Mutual Coupling and Unit Cell Aware Optimization for Reconfigurable
               Intelligent Surfaces},
  year      = {2020},
  journal={arXiv preprint 2011.14373},
}

@ARTICLE{2020arXiv200703435L,
       author = {{Liu}, Yuanwei and {Liu}, Xiao and {Mu}, Xidong and {Hou}, Tianwei and {Xu}, Jiaqi and {Qin}, Zhijin and {Di Renzo}, Marco and {Al-Dhahir}, Naofal},
        title = {Reconfigurable Intelligent Surfaces: Principles and Opportunities},
  journal={arXiv preprint 2007.03435},
         year = 2020,
}

@inproceedings{whitehead1993signal,
  title={Signal-level-based dynamic power control for co-channel interference management},
  author={Whitehead, J. F.},
  booktitle={Proc. IEEE Veh. Techn. Conf.},
  pages={499--502},
  year={1993}
}

@ARTICLE{YanGerQue17,
  author={Yang, Howard H. and Geraci, Giovanni and Quek, Tony Q. S. and Andrews, Jeffrey G.},
  journal={IEEE Trans. Signal Processing},
  title={Cell-Edge-Aware Precoding for Downlink Massive {MIMO} Cellular Networks}, 
  year={2017},
  volume={65},
  number={13},
  pages={3344-3358},}
 
 @ARTICLE{GerGarLop17,
  author={Geraci, Giovanni and Garcia-Rodriguez, Adrian and López-Pérez, David and Bonfante, Andrea and Galati Giordano, Lorenzo and Claussen, Holger},
  journal=IEEE_J_JSAC, 
  title={Operating Massive {MIMO} in Unlicensed Bands for Enhanced Coexistence and Spatial Reuse}, 
  year={2017},
  volume={35},
  number={6},
  pages={1282-1293},}
  
  @ARTICLE{GarGerGal18,
  author={Garcia-Rodriguez, Adrian and Geraci, Giovanni and {L. Galati Giordano} and Bonfante, Andrea and Ding, Ming and Lopez-Perez, David},
  journal=IEEE_M_COM, 
  title={Massive {MIMO} Unlicensed: A New Approach to Dynamic Spectrum Access}, 
  year={2018},
  volume={56},
  number={6},
  pages={186-192},
  }
  
  @ARTICLE{BonGalLop19,
  author={Bonfante, Andrea and Galati Giordano, Lorenzo and López-Pérez, David and Garcia-Rodriguez, Adrian and Geraci, Giovanni and Baracca, Paolo and Butt, M. Majid and Marchetti, Nicola},
  journal=ieeetvt, 
  title={{5G} Massive {MIMO} Architectures: Self-Backhauled Small Cells Versus Direct Access}, 
  year={2019},
  volume={68},
  number={10},
  pages={10003-10017},
  }
  
  @INPROCEEDINGS{GerGarGalICC2018,
  author={Geraci, Giovanni and Garcia-Rodriguez, Adrian and Galati Giordano, Lorenzo and Lopez-Perez, David and Bjoernson, Emil},
  booktitle=prociccWS,
  title={Supporting {UAV} Cellular Communications through Massive {MIMO}}, 
  year={2018},
  pages={1-6},
  }
  
@INPROCEEDINGS{SalAzaPol2018,
  author={Sallouha, Hazem and Azari, Mohammad Mahdi and Pollin, Sofie},
  booktitle={Proc. IEEE Globecom}, 
  title={Energy-Constrained {UAV} Trajectory Design for Ground Node Localization}, 
  year={2018},
  pages={1-7},
}

@ARTICLE{ZenZha2017,
  author={Zeng, Yong and Zhang, Rui},
  journal=IEEE_J_TWC, 
  title={Energy-Efficient {UAV} Communication With Trajectory Optimization}, 
  year={2017},
  volume={16},
  number={6},
  pages={3747-3760},
}

@book{Fil2006,
  title={Flight performance of fixed and rotary wing aircraft},
  author={A. Filippone},
  year={2006},
  publisher={Elsevier},
}

@ARTICLE{LopDomPio2021,
author={{D. Lopez-Perez} and {A. De Domenico} and Nicola Piovesan and Harvey Baohongqiang and Geng Xinli and Song Qitao and Merouane Debbah},
title={A survey on {5G} energy efficiency: massive {MIMO}, lean carrier design, sleep modes, and machine learning}, 
journal = {{arXiv preprint 2101.11246}},
year={2021},
}

@ARTICLE{SI_IoTJ_2019,
  author={{Special Issue}},
  journal={IEEE Internet of Things Journal}, 
  title={Unmanned Aerial Vehicles over Internet of Things}, 
  year={2019},
  volume={6},
  number={2},
  pages={1636-1905},}

@ARTICLE{SI_WCM_2019,
  author={{Special Issue}},
  journal={IEEE Wireless Communications}, 
  title={Integrating {UAVs} into {5G} and Beyond}, 
  year={2019},
  volume={26},
  number={1},
  pages={10-71},
}

@ARTICLE{SI_JSAC_2018,
  author={{Special Issue}},
  journal=IEEE_J_JSAC, 
  title={Airborne Communication Networks}, 
  year={2018},
  volume={36},
  number={9},
  pages={1903-2152},}

@ARTICLE{SI_COMMAG_2016,
  author={{Special Issue}},
  journal=IEEE_M_COM, 
  title={Wireless Communications, Networking, and Positioning with Unmanned Aerial Vehicles}, 
  year={2016},
  volume={54},
  number={5},
  pages={24-73},
}

%%%%%% ADDED FOR R2 %%%%%%%%%%

@ARTICLE{XiaZhuLiu21,
  author={Xiao, Zhenyu and Zhu, Lipeng and Liu, Yanming and Yi, Pengfei and Zhang, Rui and Xia, Xiang-Gen and Schober, Robert},
  journal={IEEE Communications Surveys \& Tutorials}, 
  title={A Survey on Millimeter-Wave Beamforming Enabled {UAV} Communications and Networking}, 
  year={2021},}
  
  @ARTICLE{HuaWuLu21,
  author={Huang, Yi and Wu, Qingqing and Lu, Rui and Peng, Xiaoming and Zhang, Rui},
  journal=IEEE_M_COM, 
  title={Massive {MIMO} for Cellular-Connected {UAV: C}hallenges and Promising Solutions}, 
  year={2021},
  volume={59},
  number={2},
  pages={84-90},}
  
  @ARTICLE{XiaZhuXia20,
  author={Xiao, Zhenyu and Zhu, Lipeng and Xia, Xiang-Gen},
  journal={China Communications}, 
  title={{UAV} communications with millimeter-wave beamforming: {P}otentials, scenarios, and challenges}, 
  year={2020},
  volume={17},
  number={9},
  pages={147-166},}
  
  @ARTICLE{UraWirGal20,
  author={Urama, Jani and Wiren, Richard and Galinina, Olga and Kauppi, Juhani and Hiltunen, Kimmo and Erkkila, Juha and Chernogorov, Fedor and Etelaaho, Pentti and Heikkila, Marjo and Torsner, Johan and Andreev, Sergey and Valkama, Mikko},
  journal=IEEE_M_COM, 
  title={{UAV}-Aided Interference Assessment for Private {5G NR} Deployments: {C}hallenges and Solutions}, 
  year={2020},
  volume={58},
  number={8},
  pages={89-95},}
  
  @book{ZhaSonHan20,
  title={Unmanned Aerial Vehicle Applications over Cellular Networks for {5G} and Beyond},
  author={{H. Zhang, L. Song, and Z. Han}},
  year={2020},
  publisher={{Springer}},
}

@book{NamChaKim17,
  title={{UAV} Networks and Communications},
  author={K. Namuduri and S. Chaumette and J. Kim and J. Sterbenz},
  year={2017},
  publisher={{Cambridge University Press}},
}

@ARTICLE{ShiZhoLi18,
  author={Shi, Weisen and Zhou, Haibo and Li, Junling and Xu, Wenchao and Zhang, Ning and Shen, Xuemin},
  journal={IEEE Network}, 
  title={Drone Assisted Vehicular Networks: {A}rchitecture, Challenges and Opportunities}, 
  year={2018},
  volume={32},
  number={3},
  pages={130-137},}
  
  @ARTICLE{LinYajVij18,
  author={Lin, Xingqin and Yajnanarayana, Vijaya and Muruganathan, Siva D. and Gao, Shiwei and Asplund, Henrik and Maattanen, Helka-Liina and Bergstrom, Mattias and Euler, Sebastian and Wang, Y.-P. Eric},
  journal=IEEE_M_COM, 
  title={The Sky Is Not the Limit: {LTE} for Unmanned Aerial Vehicles}, 
  year={2018},
  volume={56},
  number={4},
  pages={204-210},}
  
  @ARTICLE{WilSquCol16,
  author={Willink, Tricia J. and Squires, Chris C. and Colman, Geoffrey W. K. and Muccio, Michael T.},
  journal=IEEE_J_VT, 
  title={Measurement and Characterization of Low-Altitude Air-to-Ground {MIMO} Channels}, 
  year={2016},
  volume={65},
  number={4},
  pages={2637-2648},}
  
@ARTICLE{9358097,
  author={Dao, Nhu-Ngoc and Pham, Quoc-Viet and Tu, Ngo Hoang and Thanh, Tran Thien and Bao, Vo Nguyen Quoc and Lakew, Demeke Shumeye and Cho, Sungrae},
  journal=IEEE_O_CSTO, 
  title={Survey on Aerial Radio Access Networks: Toward a Comprehensive {6G} Access Infrastructure}, 
  year={2021},
  volume={23},
  number={2},
  pages={1193-1225},
  doi={10.1109/COMST.2021.3059644}}
  
@ARTICLE{8764406,
  author={Zhang, Long and Zhao, Hui and Hou, Shuai and Zhao, Zhen and Xu, Haitao and Wu, Xiaobo and Wu, Qiwu and Zhang, Ronghui},
  journal={IEEE Access}, 
  title={A Survey on {5G} Millimeter Wave Communications for {UAV}-Assisted Wireless Networks},
  year={2019},
  volume={7},
  number={},
  pages={117460-117504},
  doi={10.1109/ACCESS.2019.2929241}}
  
@ARTICLE{9055054,
  author={Zhang, Shuhang and Zhang, Hongliang and Song, Lingyang},
  journal=IEEE_J_VT, 
  title={Beyond {D2D}: Full Dimension {UAV}-to-Everything Communications in {6G}}, 
  year={2020},
  volume={69},
  number={6},
  pages={6592-6602},
  doi={10.1109/TVT.2020.2984624}}



  
  %% 6G
  
  @ARTICLE{8792135,
  author={Calvanese Strinati, Emilio and Barbarossa, Sergio and Gonzalez-Jimenez, Jose Luis and Ktenas, Dimitri and Cassiau, Nicolas and Maret, Luc and Dehos, Cedric},
  journal=IEEE_M_VT, 
  title={{6G}: The Next Frontier: From Holographic Messaging to Artificial Intelligence Using Subterahertz and Visible Light Communication}, 
  year={2019},
  volume={14},
  number={3},
  pages={42-50},}
  
  @ARTICLE{HexaD12,
title={{Expanded 6G vision, use cases and societal values}}, 
      author={{Hexa Deliverable D1.2}},
year={2021},
}

  @ARTICLE{Ofcom,
title={Technology futures: Spotlight on the technologies shaping communications for the future}, 
      author={Ofcom},
year={2021},
}

  @ARTICLE{Surrey,
title={{6G} wireless: A new strategic vision}, 
      author={{}University of Surrey 5GIC Strategy Advisory Board}},
year={2021},
}

  @ARTICLE{ZheYueZhe19,
  author={Zhengquan Zhang and Yue Xiao and Zheng Ma and Ming Xiao and Zhiguo Ding and Xianfu Lei and George K. Karagiannidis and Pingzhi Fan},
  journal=IEEE_M_VT, 
  title={{6G} Wireless Networks: Vision, Requirements, Architecture, and Key Technologies}, 
  year={2019},
  volume={14},
  number={3},
  pages={28-41},}
  
  @book{6gTheNextHorizon,
  title={{6G}: The next horizon},
  author={Wen Tong and Peiying Zhu},
  year={2021},
  publisher={Cambridge University Press}
}

@INPROCEEDINGS{SedFelLin2020,
  author={Sedin, Jonas and Feltrin, Luca and Lin, Xingqin},
  booktitle = {Proc. IEEE Globecom},
  title={Throughput and Capacity Evaluation of {5G} {New Radio} Non-Terrestrial Networks with {LEO} Satellites}, 
  year={2020},
  }
  
  @ARTICLE{RinMaaTor2020,  
  author={Rinaldi, Federica and Maattanen, Helka-Liina and Torsner, Johan and Pizzi, Sara and Andreev, Sergey and Iera, Antonio and Koucheryavy, Yevgeni and Araniti, Giuseppe},
  journal={IEEE Access},
  title={Non-Terrestrial Networks in {5G} \& Beyond: A Survey},   year={2020},
  volume={8},
  number={},
  pages={165178-165200}}
  
@inproceedings{BucBerBas2022,
author = {Buczek, John and Bertizzolo, Lorenzo and Basagni, Stefano and Melodia, Tommaso},
title = {What is A Wireless {UAV}? {A} Design Blueprint for {6G} Flying Wireless Nodes},
year = {2022},
booktitle = {Proceedings of the 15th ACM Workshop on Wireless Network Testbeds, Experimental Evaluation & Characterization},
pages = {24–30},
}

@article{Lin2022,
  title={An Overview of {5G Advanced} Evolution in {3GPP} Release 18},
  author={X. Lin},
  journal={arXiv:2201.01358},
  year={2022}
}

@ARTICLE{MozLinHay2021,
author={Mozaffari, Mohammad and Lin, Xingqin and Hayes, Stephen},
journal={IEEE Commun. Mag.},   title={Toward {6G} with Connected Sky: {UAVs} and Beyond},
year={2021},
volume={59},
number={12},
pages={74-80},
}

@ARTICLE{AleLinNet2021,
  author={Alexandre, Luciano Camilo and Linhares, Agostinho and Neto, Geraldo and Sodre, Arismar Cerqueira},
  journal={IEEE Communications Magazine}, 
  title={High-Altitude Platform Stations as {IMT} Base Stations: Connectivity from the Stratosphere}, 
  year={2021},
  volume={59},
  number={12},
  pages={30-35},}
  
  @ARTICLE{YaaAlo2020,
  author={Yaacoub, Elias and Alouini, Mohamed-Slim},
  journal={Proceedings of the IEEE}, 
  title={A Key {6G} Challenge and Opportunity—Connecting the Base of the Pyramid: A Survey on Rural Connectivity}, year={2020},
  volume={108},
  number={4},
  pages={533-582},
  }
  
  @ARTICLE{GuoJaf2016,
  author={Guo, Jun and Jafarkhani, Hamid},
  journal={IEEE Trans. Wireless Commun.}, 
  title={Sensor Deployment With Limited Communication Range in Homogeneous and Heterogeneous Wireless Sensor Networks}, 
  year={2016},
  volume={15},
  number={10},
  pages={6771-6784},
  }
  
  @book{goodfellow2016deep,
  title={Deep Learning},
  author={Goodfellow, Ian and Bengio, Yoshua and Courville, Aaron},
  year={2016},
  publisher={MIT Press}
}
@article{guo2018source,
  title={A source coding perspective on node deployment in two-tier networks},
  author={Guo, Jun and Koyuncu, Erdem and Jafarkhani, Hamid},
  journal={IEEE Trans. Commun.},
  volume={66},
  number={7},
  pages={3035--3049},
  year={2018},
  publisher={IEEE}
}
@article{karimi2020energy,
  title={Energy-efficient node deployment in heterogeneous two-tier wireless sensor networks with limited communication range},
  author={Karimi-Bidhendi, Saeed and Guo, Jun and Jafarkhani, Hamid},
  journal={IEEE Trans. Wireless Commun.},
  volume={20},
  number={1},
  pages={40--55},
  year={2020},
  publisher={IEEE}
}

@inproceedings{karimi2019using,
  title={Using quantization to deploy heterogeneous nodes in two-tier wireless sensor networks},
  author={Karimi-Bidhendi, Saeed and Guo, Jun and Jafarkhani, Hamid},
  booktitle={2019 IEEE International Symposium on Information Theory (ISIT)},
  pages={1502--1506},
  year={2019},
  organization={IEEE}
}

@inproceedings{guo2020energy,
  title={Energy-efficient node deployment in wireless ad-hoc sensor networks},
  author={Guo, Jun and Karimi-Bidhendi, Saeed and Jafarkhani, Hamid},
  booktitle={ICC 2020-2020 IEEE International Conference on Communications (ICC)},
  pages={1--6},
  year={2020},
  organization={IEEE}
}

@article{guo2019movement,
  title={Movement-efficient sensor deployment in wireless sensor networks with limited communication range},
  author={Guo, Jun and Jafarkhani, Hamid},
  journal={IEEE Trans. Wireless Commun.},
  volume={18},
  number={7},
  pages={3469--3484},
  year={2019},
  publisher={IEEE}
}
@article{karimi2021energy,
  title={Energy-efficient deployment in static and mobile heterogeneous multi-hop wireless sensor networks},
  author={Karimi-Bidhendi, Saeed and Guo, Jun and Jafarkhani, Hamid},
  journal={IEEE Trans. Wireless Commun.},
  volume={21},
  number={7},
  pages={4973--4988},
  year={2021},
  publisher={IEEE}
}

  @ARTICLE{9086619,
  author={J. {Guo} and P. {Walk} and H. {Jafarkhani}},
  journal={IEEE Trans. Commun.}, 
  title={Optimal Deployments of {UAVs} With Directional Antennas for a Power-Efficient Coverage}, 
  year={2020},
  volume={68},
  number={8},
  month = {Aug.},
  pages={5159-5174},}
  
@ARTICLE{8519749,
  author={E. {Koyuncu} and M. {Shabanighazikelayeh} and H. {Seferoglu}},
  journal={IEEE Trans. Wireless Commun.}, 
  title={Deployment and Trajectory Optimization of {UAVs}: A Quantization Theory Approach}, 
  year={2018},
  volume={17},
  number={12},
  pages={8531-8546},
  month = {Dec.},
  doi={10.1109/TWC.2018.2878021}}
  
    @INPROCEEDINGS{CDALHJGC21,
  title={On the Deployment Problem in Cell-Free {UAV} Networks},
  author={C. {Diaz Vilor} and A. {Lozano} and H. {Jafarkhani}},
booktitle = {Proc. IEEE Globecom},
  year={2021},
  pages={1-6},
}

@ARTICLE{CDALHJTWC22,
  author={Diaz-Vilor, Carles and Lozano, Angel and Jafarkhani, Hamid},
  journal={IEEE Trans. Wireless Commun.}, 
  title={Cell-Free {UAV} Networks: Asymptotic Analysis and Deployment Optimization}, 
  year={2022},
  volume={},
  number={},
  pages={1-1},
  doi={10.1109/TWC.2022.3215941}}

    @INPROCEEDINGS{CDHJGC20,
  title={Optimal {3D-UAV} Trajectory and Resource Allocation of {DL UAV-GE} Links with Directional Antennas},
  author={C. {Diaz Vilor} and H. {Jafarkhani}},
booktitle = {Proc. IEEE Globecom},
  year={2020},
  pages={1-6},
}
@Article{UAVfire2022,
Author = {H. {Jafarkhani}},
Title ={Taking to the Air to Help on the Ground: How {UAVs} Can Help Fight Wildfires},
journal={IEEE ComSoc Technology News}, 
url = {https://www.comsoc.org/publications/ctn/taking-air-help-ground-how-uavs-can-help-fight-wildfires},
year={2022},
month={Oct.},
}

@article{cortes2005spatially,
  title={Spatially-distributed coverage optimization and control with limited-range interactions},
  author={Cortes, Jorge and Martinez, Sonia and Bullo, Francesco},
  journal={ESAIM: Control, Optimisation and Calculus of Variations},
  volume={11},
  number={4},
  pages={691--719},
  year={2005},
  publisher={EDP Sciences}
}

@article{cortes2004coverage,
  title={Coverage control for mobile sensing networks},
  author={Cortes, Jorge and Martinez, Sonia and Karatas, Timur and Bullo, Francesco},
  journal={IEEE Transactions on Robotics and Automation},
  volume={20},
  number={2},
  pages={243--255},
  year={2004},
  publisher={IEEE}
}

@inproceedings{ingle2011energy,
  title={An energy efficient deployment of nodes in wireless sensor network using Voronoi diagram},
  author={Ingle, Mitali R and Bawane, Narendra},
  booktitle={2011 3rd International Conference on Electronics Computer Technology},
  volume={6},
  pages={307--311},
  year={2011},
  organization={IEEE}
}

@article{tang2019three,
  title={Three-dimensional Voronoi diagram--based self-deployment algorithm in {IoT} sensor networks},
  author={Tang, Xiaojiang and Tan, Li and Hussain, Anbar and Wang, Minji},
  journal={Annals of Telecommunications},
  volume={74},
  pages={517--529},
  year={2019},
  publisher={Springer}
}

@article{wang2006movement,
  title={Movement-assisted sensor deployment},
  author={Wang, Guiling and Cao, Guohong and La Porta, Thomas F},
  journal={IEEE Transactions on Mobile Computing},
  volume={5},
  number={6},
  pages={640--652},
  year={2006},
  publisher={IEEE}
}

@article{lloyd1982least,
  title={Least squares quantization in {PCM}},
  author={Lloyd, Stuart},
  journal={IEEE Transactions on Information Theory},
  volume={28},
  number={2},
  pages={129--137},
  year={1982},
  publisher={IEEE}
}

@article{gray1998quantization,
  title={Quantization},
  author={Gray, Robert M. and Neuhoff, David L.},
  journal={IEEE Transactions on Information Theory},
  volume={44},
  number={6},
  pages={2325--2383},
  year={1998},
  publisher={IEEE}
}

@book{boots2009spatial,
  title={Spatial Tessellations: Concepts and Applications of Voronoi Diagrams},
  author={Boots, Barry and Sugihara, Kokichi and Chiu, Sung Nok and Okabe, Atsuyuki},
  year={2009},
  publisher={John Wiley \& Sons}
}

@article{du1999centroidal,
  title={Centroidal Voronoi tessellations: Applications and algorithms},
  author={Du, Qiang and Faber, Vance and Gunzburger, Max},
  journal={SIAM Review},
  volume={41},
  number={4},
  pages={637--676},
  year={1999},
  publisher={SIAM}
}

