
@INPROCEEDINGS{Destounis19Learn,
  author={A. {Destounis} and D. {Tsilimantos} and M. {Debbah} and G. S. {Paschos}},
  booktitle={Proc. IEEE INFOCOM WKSHPS}, 
  title={{Learn2MAC}: Online Learning Multiple Access for {URLLC} Applications}, 
  year={2019},
  volume={Apr.},
  number={},
  pages={1-6},
  doi={}}

 @ARTICLE{Dai18A,
  author={Dai, Linglong and Wang, Bichai and Ding, Zhiguo and Wang, Zhaocheng and Chen, Sheng and Hanzo, Lajos},
  journal=IEEE_O_CSTO, 
  title={A Survey of Non-Orthogonal Multiple Access for {5G}}, 
  year={2018},
  volume={20},
  number={3},
  pages={2294-2323},
  doi={10.1109/COMST.2018.2835558}}

@INPROCEEDINGS{Saito13Non,
  author={Y. {Saito} and Y. {Kishiyama} and A. {Benjebbour} and T. {Nakamura} and A. {Li} and K. {Higuchi}},
  booktitle={Proc. VTC Spring}, 
  title={Non-Orthogonal Multiple Access ({NOMA}) for Cellular Future Radio Access}, 
  year={2013},
  volume={},
  number={},
  pages={1-5},
  doi={10.1109/VTCSpring.2013.6692652}}  

@ARTICLE{Chen18Toward,
  author={Chen, Yan and others},
  journal=IEEE_M_COM, 
  title={Toward the Standardization of Non-Orthogonal Multiple Access for Next Generation Wireless Networks}, 
  year={2018},
  month={Mar.},
  volume={56},
  number={3},
  pages={19-27},
  doi={10.1109/MCOM.2018.1700845}}

%  author={Chen, Yan and Bayesteh, Alireza and Wu, Yiqun and Ren, Bin and Kang, Shaoli and Sun, Shaohui and Xiong, Qi and Qian, Chen and Yu, Bin and Ding, Zhiguo and Wang, Sen and Han, Shuangfeng and Hou, Xiaolin and Lin, Hao and Visoz, Raphael and Razavi, Razieh}

@ARTICLE{ElTanab21An,
  author={El-Tanab, Manal and Hamouda, Walaa},
  journal={IEEE Network}, 
  title={An Overview of Uplink Access Techniques in Machine-Type Communications}, 
  year={2021},
  volume={35},
  number={3},
  month = {Mar.},
  pages={246-251},
  doi={10.1109/MNET.011.2000513}}
  
@INPROCEEDINGS{Polyanskiy17A,
  author={Polyanskiy, Yury},
  booktitle={Proc. IEEE ISIT}, 
  title={A perspective on massive random-access}, 
  year={2017},
  volume={},
  number={},
  pages={2523-2527},
  doi={10.1109/ISIT.2017.8006984}}

@article{decurninge2020tensor,
  title={Tensor-based modulation for unsourced massive random access},
  author={Decurninge, Alexis and Land, Ingmar and Guillaud, Maxime},
  journal=IEEE_J_WCOML,
  volume={10},
  month={Oct.},
  number={3},
  pages={552--556},
  year={2020},
  publisher={IEEE}
}
  @INPROCEEDINGS{Lee05An,
  author={Su-Ryun Lee and Sung-Don Joo and Chae-Woo Lee},
  booktitle={Proc. Int. Conf. on Mobile and Ubiquitous Systems: Networking and Services}, 
  title={An enhanced dynamic framed slotted {ALOHA} algorithm for {RFID} tag identification}, 
  year={2005},
  volume={},
  number={},
  pages={166-172},
  doi={10.1109/MOBIQUITOUS.2005.13}}

@INPROCEEDINGS{Rech21Coordinated,
  author={Rech, Alberto and Tomasin, Stefano},
  booktitle={Proc. IEEE GLOBECOM WKSHPS}, 
  title={Coordinated Random Access for Industrial {IoT} With Correlated Traffic By Reinforcement-Learning}, 
  year={2021},
  volume={},
  number={},
  pages={1-6},
  doi={10.1109/GCWkshps52748.2021.9682141}
}
        
@INPROCEEDINGS{Shehab20Traffic,
  author={M. {Shehab} and A. K. {Hagelskjar} and A. E. {Kal\o r} and P. {Popovski} and H. {Alves}},
  booktitle={Proc. IEEE PIMRC}, 
  title={Traffic Prediction Based Fast Uplink Grant for Massive {IoT}},
  year={2020},
  volume={},
  number={},
  pages={1-6},
  doi={10.1109/PIMRC48278.2020.9217258}}

@ARTICLE{Ali19,
  author={S. {Ali} and N. {Rajatheva} and W. {Saad}},
  journal=IEEE_M_COM, 
  title={Fast Uplink Grant for Machine Type Communications: Challenges and Opportunities},
  year={2019},
  volume={57},
  number={3},
  month = {Mar.},
  pages={97-103},
  doi={10.1109/MCOM.2019.1800475}}
  
@INPROCEEDINGS{Moretto21a,
  author={Moretto, Federico and Brighente, Alessandro and Tomasin, Stefano},
  booktitle={Proc. VTC Fall}, 
  title={Greedy Maximum- Throughput Grant-Free Random Access For Correlated {IoT} Traffic}, 
  year={2021},
  volume={},
  number={},
  pages={1-5},
  doi={10.1109/VTC2021-Fall52928.2021.9625250}}

@article{rech2023unsourced,
  title={Unsourced Random Access With Tensor-Based and Coherent Modulations},
  author={Rech, Alberto and Decurninge, Alexis and Ord{\'o}{\~n}ez, Luis G},
  journal={arXiv preprint arXiv:2304.12058},
  year={2023}
}

@article{rech2023partial,
  title={Partial-Information Multiple Access Protocol for Orthogonal Transmissions},
  author={Rech, Alberto and Tomasin, Stefano and Vangelista, Lorenzo and Costa, Cristina},
  journal= {Proc. International Conference on Ubiquitous and Future Networks (ICUFN)},
 url= {arXiv preprint arXiv:2304.12057},
  year={2023},
}

@ARTICLE{Choi20On,
  author={Choi, Jinho},
  journal=IEEE_J_IOT, 
  title={On Throughput of Compressive Random Access for One Short Message Delivery in {IoT}}, 
  year={2020},
  volume={7},
  month=jul,
  number={4},
  pages={3499-3508},
  doi={10.1109/JIOT.2020.2972519}}

@ARTICLE{Seo19Low,
  author={Seo, Hyowoon and Hong, Jun-Pyo and Choi, Wan},
  journal=IEEE_J_IOT, 
  title={Low Latency Random Access for Sporadic {MTC} Devices in Internet of Things}, 
  year={2019},
  volume={6},
month=jun,
  number={3},
  pages={5108-5118},
  doi={10.1109/JIOT.2019.2896620}}

@INPROCEEDINGS{Wunder14Compressive,
  author={Wunder, Gerhard and Jung, Peter and Chen Wang},
  booktitle={Proc. IEEE ICC WKSHPS}, 
  title={Compressive random access for post-{LTE} systems}, 
  year={2014},
  volume={},
  number={},
  pages={539-544},
  doi={10.1109/ICCW.2014.6881254}}

@ARTICLE{Rivest87Network,
  author={Rivest, R.},
  journal=IEEE_J_IT, 
  title={Network control by Bayesian broadcast}, 
  year={1987},
  volume={33},
  month=may,
  number={3},
  pages={323-328},
  doi={10.1109/TIT.1987.1057315}}

@INPROCEEDINGS{Ali18Sleeping,
  author={Ali, Samad and Ferdowsi, Aidin and Saad, Walid and Rajatheva, Nandana},
  booktitle={Proc. IEEE GLOBECOM WKSHPS}, 
  title={Sleeping Multi-Armed Bandits for Fast Uplink Grant Allocation in Machine Type Communications}, 
  year={2018},
  volume={},
  number={},
  pages={1-6},
  doi={10.1109/GLOCOMW.2018.8644350}}

@article{Kaelbling98,
title = {Planning and acting in partially observable stochastic domains},
journal = {Artificial Intelligence},
volume = {101},
number = {1},
month = {Jan.},
pages = {99-134},
year = {1998},
issn = {0004-3702},
doi = {https://doi.org/10.1016/S0004-3702(98)00023-X},
author = {Leslie Pack Kaelbling and Michael L. Littman and Anthony R. Cassandra},
}

@inproceedings{Park2019Markov, 
  title={Markov chain analysis for compressed sensing based random access in cellular systems},
  author={Park, Sangjun and Lee, Seunghyun and Choi, Wan},
  booktitle={Proc. IEEE ICNC)},
  pages={34-38},
  year={2019},
  organization={IEEE}
}

@article{Rech2023Semi, 
  title={Semi-Grant-Free Orthogonal Multiple Access with Partial-Information for Short Packet Transmissions},
  author={Rech, Alberto and Tomasin, Stefano and Vangelista, Lorenzo and Costa, Cristina},
  journal={arXiv preprint arXiv:2307.14846},
  year={2023}
}

@INPROCEEDINGS{Kalor18Random,  
    author={A. E. {Kal\o r} and O. A. {Hanna} and P. {Popovski}}, 
    booktitle={Proc. IEEE SPAWC},
    title={Random Access Schemes in Wireless Systems with Correlated User Activity}, 
    pages={1-5},
    year={2018},
}


@ARTICLE{Goldenbaum13Robust,  
    author={Goldenbaum, Mario and Stanczak, Slawomir},
    journal=IEEE_J_COM,
    title={Robust Analog Function Computation via Wireless Multiple-Access Channels},
    year={2013},
    volume={61},
    number={9},
    month = {Sep.},
    pages={3863-3877}, 
    doi={10.1109/TCOMM.2013.072913.120815}
} 

@article{khan2022enumeration,
  title={Enumeration and Identification of Active Users for Grant-Free {NOMA} Using Deep Neural Networks},
  author={Khan, Muhammad Usman and Paolini, Enrico and Chiani, Marco},
  journal=IEEE_O_ACC,
  volume={10},
  pages={125616--125625},
  year={2022},
  publisher={IEEE}
} 

@techreport{3GPP38211,
 author = {3GPP},
 institution = {{3rd Generation Partnership Project (3GPP)}},
 month = {7},
 note = {Version v.16.2.0},
 number = {38.211},
 title = {{5G-NR}; Physical channels and modulation},
 type = {Technical Report (TR)},
 year = {2020}
}

@ARTICLE{Kang21Minimum,
  author={Kang, Justin and Yu, Wei},
  journal=IEEE_J_IT, 
  title={Minimum Feedback for Collision-Free Scheduling in Massive Random Access}, 
  year={2021},
  volume={67},
  number={12},
  month = dec,
  pages={8094-8108},
  doi={10.1109/TIT.2021.3114584}}