@article{tianshou,
  title={Tianshou: A Highly Modularized Deep Reinforcement Learning Library},
  author={Weng, Jiayi and Chen, Huayu and Yan, Dong and You, Kaichao and Duburcq, Alexis and Zhang, Minghao and Su, Yi and Su, Hang and Zhu, Jun},
  journal={arXiv preprint arXiv:2107.14171},
  year={2021}
}

@INPROCEEDINGS{9332024,
author={Zong, Baiqing and Duan, Xiangyang and Fan, Chen and Guan, Ke},
booktitle={Proc. IEEE Int. Conf. Integr. Circuits, Technol. Appl. (ICTA)},
title={6{G} Technologies - Opportunities and Challenges},
year={Nov. 2020},
volume={},
number={},
pages={171-173},
doi={10.1109/ICTA50426.2020.9332024}}

@INPROCEEDINGS{9349580,
author={Khiadani, Nadia},
booktitle={Proc. Iranian Conf. Signal Process. Intell. Syst. (ICSPIS)},
title={Vision, Requirements and Challenges of Sixth Generation (6{G}) Networks},
year={Dec. 2020},
volume={},
number={},
pages={1-4},
doi={10.1109/ICSPIS51611.2020.9349580}}

@ARTICLE{9745424,
author={Hu, Zheng and Zhang, Ping and Zhang, Chunhong and Zhuang, Benhui and Zhang, Jianhua and Lin, Shangjing and Sun, Tao},
journal={China Commun.},
title={Intelligent decision making framework for 6{G} network},
year={Mar. 2022},
volume={19},
number={3},
pages={16-35},
doi={10.23919/JCC.2022.03.002}}

@article{sutton2019enabling,
  title={Enabling technologies for ultra-reliable and low latency communications: {From} {PHY} and {MAC} layer perspectives},
  author={Sutton, Gordon J and Zeng, Jie and Liu, Ren Ping and Ni, Wei and Nguyen, Diep N and Jayawickrama, Beeshanga A and Huang, Xiaojing and Abolhasan, Mehran and Zhang, Zhang and Dutkiewicz, Eryk and others},
  journal={IEEE Commun. Surveys Tuts.},
  volume={21},
  number={3},
  pages={2488--2524},
  year={Feb. 2019},
  publisher={IEEE}
}

@article{ahmed2021hybrid,
  title={Hybrid automatic repeat request {(HARQ)} in wireless communications systems and standards: {A} contemporary survey},
  author={Ahmed, Ashfaq and Al-Dweik, Arafat and Iraqi, Youssef and Mukhtar, Husameldin and Naeem, Muhammad and Hossain, Ekram},
  journal={IEEE Commun. Surveys Tuts.},
  volume={23},
  number={4},
  pages={2711--2752},
  year={Jul. 2021},
  publisher={IEEE}
}

@ARTICLE{8274949,
author={Kotaba, Radosław and Navarro Manchón, Carles and Balercia, Tommaso and Popovski, Petar},
journal={IEEE Wireless Commun. Lett.},
title={Uplink Transmissions in {URLLC} Systems With Shared Diversity Resources},
year={Jan. 2018},
volume={7},
number={4},
pages={590-593},
doi={10.1109/LWC.2018.2799592}}

@ARTICLE{7878518,
author={Jabi, Mohammed and Pierre-Doray, Étienne and Szczecinski, Leszek and Benjillali, Mustapha},
journal={{IEEE} Trans. Commun.},
title={How to Boost the Throughput of {HARQ} With Off-the-Shelf Codes},
year={Feb. 2017},
volume={65},
number={6},
pages={2319-2331},
doi={10.1109/TCOMM.2017.2682088}}

@ARTICLE{9768121,
author={Feng, Jiahui and Shi, Zheng and Yang, Guanghua and Miridakis, Nikolaos I. and Ma, Shaodan and Tsiftsis, Theodoros A.},
journal={IEEE Wireless Commun. Lett.},
title={Outage Performance of {Cross-Packet HARQ}},
year={May. 2022},
volume={11},
number={7},
pages={1423-1427},
doi={10.1109/LWC.2022.3172441}}

@ARTICLE{6866887,
author={Kim, Seong Hwan and Lee, Seung Joon and Sung, Dan Keun},
journal={IEEE Trans. Veh. Technol.},
title={{HARQ} Rate Selection Schemes in a Multihop Relay Network With a Delay Constraint},
year={Jun. 2015},
volume={64},
number={6},
pages={2333-2348},
doi={10.1109/TVT.2014.2343835}}

@INPROCEEDINGS{9083794,
author={Mahmood, Nurul Huda and Alves, Hirley and López, Onel Alcaraz and Shehab, Mohammad and Osorio, Diana P. Moya and Latva-Aho, Matti},
booktitle={6G Wirel. Summit: Gain Edge 6G Era, 6G SUMMIT},
title={Six Key Features of Machine Type Communication in 6{G}},
year={Mar. 2020},
volume={},
number={},
pages={1-5},
doi={10.1109/6GSUMMIT49458.2020.9083794}}

@article{mnih2015human,
  title={Human-level control through deep reinforcement learning},
  author={Mnih, Volodymyr and Kavukcuoglu, Koray and Silver, David and Rusu, Andrei A and Veness, Joel and Bellemare, Marc G and Graves, Alex and Riedmiller, Martin and Fidjeland, Andreas K and Ostrovski, Georg and others},
  journal={Nature},
  volume={518},
  number={7540},
  pages={529--533},
  year={Feb. 2015},
  publisher={Nature Publishing Group}
}

@ARTICLE{9110869,
author={Huang, Chongwen and Mo, Ronghong and Yuen, Chau},
journal={IEEE J. Sel. Areas Commun.},
title={Reconfigurable Intelligent Surface Assisted Multiuser {MISO} Systems Exploiting Deep Reinforcement Learning},
year={Jun. 2020},
volume={38},
number={8},
pages={1839-1850},
doi={10.1109/JSAC.2020.3000835}}

@ARTICLE{8955968,
author={Gao, Jiabao and Zhong, Caijun and Chen, Xiaoming and Lin, Hai and Zhang, Zhaoyang},
journal={IEEE Commun. Let.},
title={Unsupervised Learning for Passive Beamforming},
year={May. 2020},
volume={24},
number={5},
pages={1052-1056},
doi={10.1109/LCOMM.2020.2965532}}

@ARTICLE{9210812,
author={Chen, Mingzhe and Yang, Zhaohui and Saad, Walid and Yin, Changchuan and Poor, H. Vincent and Cui, Shuguang},
journal={IEEE Trans. Wireless Commun.},
title={A Joint Learning and Communications Framework for Federated Learning Over Wireless Networks},
year={Jan. 2021},
volume={20},
number={1},
pages={269-283},
doi={10.1109/TWC.2020.3024629}}

@ARTICLE{6202815,
author={Chung, Wen-Ching and Chang, Chung-Ju and Feng, Kai-Ten and Chen, Ying-Yu},
journal={IEEE Trans. Mobile Comput.},
title={An {MIMO} Configuration Mode and {MCS} Level Selection Scheme by Fuzzy {Q-Learning} for {HSPA⁺} Systems},
year={Jul. 2012},
volume={11},
number={7},
pages={1151-1162},
doi={10.1109/TMC.2011.139}}

@ARTICLE{9568962,
  author={Geng, Yuanzhe and Liu, Erwu and Wang, Rui and Liu, Yiming},
  journal={IEEE Trans. Commun.}, 
  title={Hierarchical Reinforcement Learning for Relay Selection and Power Optimization in {Two-Hop} Cooperative Relay Network}, 
  year={Jan. 2022},
  volume={70},
  number={1},
  pages={171-184},
  doi={10.1109/TCOMM.2021.3119689}}

  @article{su2020optimal,
  title={Optimal cooperative relaying and power control for {IoUT} networks with reinforcement learning},
  author={Su, Yuhan and Liwang, Minghui and Gao, Zhibin and Huang, Lianfen and Du, Xiaojiang and Guizani, Mohsen},
  journal={IEEE Internet Things J.},
  volume={8},
  number={2},
  pages={791--801},
  year={Jul. 2020},
  publisher={IEEE}
}

@INPROCEEDINGS{8122622,
author={Hou, Yuenan and Liu, Lifeng and Wei, Qing and Xu, Xudong and Chen, Chunlin},
booktitle={Proc. IEEE Int. Conf. Syst., Man, Cybern. (SMC)},
title={A novel {DDPG} method with prioritized experience replay},
year={Nov. 2017},
volume={},
number={},
pages={316-321},
doi={10.1109/SMC.2017.8122622}}

@article{jabi2018amc,
  title={{AMC} and {HARQ}: {How} to Increase the Throughput},
  author={Jabi, Mohammed and Szczecinski, Leszek and Benjillali, Mustapha and Benyouss, Abdellatif and Pelletier, Benoit},
  journal={IEEE Trans. Commun.},
  volume={66},
  number={7},
  pages={3136--3150},
  year={Feb. 2018},
  publisher={IEEE}
}

@article{jabi2017boost,
  title={How to boost the throughput of {HARQ} with off-the-shelf codes},
  author={Jabi, Mohammed and Pierre-Doray, Etienne and Szczecinski, Leszek and Benjillali, Mustapha},
  journal={{IEEE} Trans. Commun.},
  volume={65},
  number={6},
  pages={2319--2331},
  year={Feb. 2017},
  publisher={IEEE}
}

@INPROCEEDINGS{schaul2015prioritized,
  author={Schaul, Tom and Quan, John and Antonoglou, Ioannis and Silver, David},
  booktitle={Proc. Int. Conf. Mach. Learn.},
  title={Prioritized experience replay},
  year={May. 2015},
  pages={1-21}
}

@inproceedings{silver2014deterministic,
  title={Deterministic policy gradient algorithms},
  author={Silver, David and Lever, Guy and Heess, Nicolas and Degris, Thomas and Wierstra, Daan and Riedmiller, Martin},
  booktitle={Proc. 31st Int. Conf. Mach. Learn.},
  volume={32},
  pages={387--395},
  year={Jun. 2014},
  number={1},
  address={Beijing, China},
}

@article{jabi2017adaptive,
  title={Adaptive {Cross}-{Packet} {HARQ}},
  author={Jabi, Mohammed and Benyouss, Abdellatif and Le Treust, Ma{\"e}l and Pierre-Doray, Etienne and Szczecinski, Leszek},
  journal={IEEE Trans. Commun.},
  volume={65},
  number={5},
  pages={2022--2035},
  year={May. 2017},
  publisher={IEEE}
}

@ARTICLE{5710995,
author={Suraweera, Himal A. and Tsiftsis, Theodoros A. and Karagiannidis, George K. and Nallanathan, Arumugam},
journal={IEEE Trans. Veh. Technol.},
title={Effect of Feedback Delay on Amplify-and-Forward Relay Networks With Beamforming},
year={Mar. 2011},
volume={60},
number={3},
pages={1265-1271},
doi={10.1109/TVT.2011.2112786}}

@article{vaezi2022cellular,
  title={Cellular, wide-area, and non-terrestrial {IoT}: A survey on {5G} advances and the road toward {6G}},
  author={Vaezi, Mojtaba and Azari, Amin and Khosravirad, Saeed R and Shirvanimoghaddam, Mahyar and Azari, M Mahdi and Chasaki, Danai and Popovski, Petar},
  journal={IEEE Commun. Surveys Tuts.},
  volume={24},
  number={2},
  pages={1117--1174},
  year={Feb. 2022},
  publisher={IEEE}
}

@article{shi2019effective,
  title={Effective capacity for renewal service processes with applications to {HARQ} systems},
  author={Shi, Zheng and Tsiftsis, Theodoros A and Tan, Weiqiang and Yang, Guanghua and Ma, Shaodan and Alouini, Mohamed-Slim},
  journal={IEEE Trans. Commun.},
  volume={67},
  number={9},
  pages={6556--6571},
  year={Jun. 2019},
  publisher={IEEE}
}

@article{chen2020decentralized,
  title={Decentralized computation offloading for multi-user mobile edge computing: {A} deep reinforcement learning approach},
  author={Chen, Zhao and Wang, Xiaodong},
  journal={EURASIP J. Wirel. Commun. Netw.},
  volume={2020},
  number={1},
  pages={1--21},
  year={Sep. 2020},
  publisher={SpringerOpen},
  doi={10.1186/s13638-020-01801-6}
}

@INPROCEEDINGS{6214030,
author={Kim, Seong Hwan and Lee, Seung Joon and Sung, Dan Keun and Nishiyama, Hiroki and Kato, Nei},
booktitle={Proc. IEEE Wireless Commun. Networking Conf. (WCNC)},
title={Optimal rate selection scheme in a two-hop relay network adopting Chase combining HARQ in Rayleigh block-fading channels},
year={Apr. 2012},
volume={},
number={},
pages={1561-1566},
doi={10.1109/WCNC.2012.6214030}}

@INPROCEEDINGS{7247293,
author={Shi, Zheng and Ma, Shaodan and Tam, Kam-Weng},
booktitle={Proc. IEEE Int. Conf. Commun. Workshop, (ICCW)},
title={Rate selection for cooperative HARQ-CC systems over time-correlated Nakagami-m fading channels},
year={Jun. 2015},
volume={},
number={},
pages={919-924},
doi={10.1109/ICCW.2015.7247293}}

@INPROCEEDINGS{7763302,
author={Kim, Seong Hwan and Lee, Seung Joon and Sung, Dan Keun},
booktitle={Proc. Int. Conf. Inf. Commun. Technol. Converg., (ICTC)},
title={Rate selection for incremental redundancy type {hybrid-ARQ} in wireless multicast},
year={Oct. 2016},
volume={},
number={},
pages={804-809},
doi={10.1109/ICTC.2016.7763302}}

@ARTICLE{8320562,
author={Kim, Seong Hwan and Lee, Seung Joon and Sung, Dan Keun},
journal={IEEE J. Commun. Netw.},
title={Rate selection for wireless multicast system adopting incremental redundancy type {hybrid-ARQ}},
year={Feb. 2018},
volume={20},
number={1},
pages={47-56},
doi={10.1109/JCN.2018.000005}}

@ARTICLE{7180377,
author={Shi, Zheng and Ding, Haichuan and Ma, Shaodan and Tam, Kam-Weng},
journal={IEEE Trans. Wireless Commun.},
title={Analysis of {HARQ-IR} Over Time-Correlated {Rayleigh} Fading Channels},
year={Dec. 2015},
volume={14},
number={12},
pages={7096-7109},
doi={10.1109/TWC.2015.2464798}}

@ARTICLE{7959548,
author={Shi, Zheng and Ma, Shaodan and Yang, Guanghua and Tam, Kam-Weng and Xia, Minghua},
journal={IEEE Trans. Wireless Commun.},
title={Asymptotic Outage Analysis of {HARQ-IR} Over Time-Correlated {Nakagami-$m$} Fading Channels},
year={Sep. 2017},
volume={16},
number={9},
pages={6119-6134},
doi={10.1109/TWC.2017.2719032}}

@ARTICLE{7539672,
author={Shi, Zheng and Ding, Haichuan and Ma, Shaodan and Tam, Kam-Weng and Pan, Su},
journal={IEEE Trans. Veh. Technol.},
title={Inverse Moment Matching Based Analysis of Cooperative {HARQ-IR} Over Time-Correlated {Nakagami} Fading Channels},
year={May. 2017},
volume={66},
number={5},
pages={3812-3828},
doi={10.1109/TVT.2016.2599267}}

@ARTICLE{6502167,
author={Szczecinski, Leszek and Khosravirad, Saeed R. and Duhamel, Pierre and Rahman, Moshiur},
journal={IEEE Trans. Commun.},
title={Rate Allocation and Adaptation for Incremental Redundancy Truncated HARQ},
year={Jun. 2013},
volume={61},
number={6},
pages={2580-2590},
doi={10.1109/TCOMM.2012.041113.120462}}

@Article{Caire2001,
  author    = {Caire, Giuseppe and Tuninetti, Daniela},
  journal   = {IEEE Trans. Inf. Theory},
  title     = {The throughput of {hybrid-ARQ} protocols for the {Gaussian} collision channel},
  year      = {Jul. 2001},
  number    = {5},
  pages     = {1971--1988},
  volume    = {47},
  publisher = {IEEE},
}

@Comment{jabref-meta: databaseType:bibtex;}

[12] M. Jabi, A. Benyouss, M. Le Treust, E. Pierre-Doray, and L. Szczecinski,
“Adaptive cross-packet HARQ,” IEEE Trans. Commun., vol. 65, no. 5,
pp. 2022–2035, May 2017.

@ARTICLE{9376717,
author={Ceran, Elif Tuğçe and Gündüz, Deniz and György, András},
journal={IEEE J. Sel. Areas Commun.},
title={A Reinforcement Learning Approach to Age of Information in Multi-User Networks With {HARQ}},
year={Mar. 2021},
volume={39},
number={5},
pages={1412-1426},
doi={10.1109/JSAC.2021.3065057}}

@ARTICLE{8648525,
author={Ceran, Elif Tuğçe and Gündüz, Deniz and György, András},
journal={IEEE Trans. Wireless Commun.},
title={Average Age of Information With {Hybrid ARQ} Under a Resource Constraint},
year={Feb. 2019},
volume={18},
number={3},
pages={1900-1913},
doi={10.1109/TWC.2019.2899303}}

@ARTICLE{5728939,
author={Huang, Chiao-Yin and Chung, Wen-Ching and Chang, Chung-Ju and Ren, Fang-Ching},
journal={IEEE Trans. Veh. Technol.},
title={An Intelligent {HARQ} Scheme for {HSDPA}},
year={Mar. 2011},
volume={60},
number={4},
pages={1602-1611},
doi={10.1109/TVT.2011.2125809}}

@INPROCEEDINGS{9217354,
author={Qiu, Gengxin and Zhao, Ming-Min and Lei, Ming and Zhao, Min-jian},
booktitle={Proc. IEEE 31st Annu. Int. Symp. Pers., Indoor Mobile Radio Commun.},
title={Throughput Maximization for Polar Coded {IR-HARQ} Using Deep Reinforcement Learning},
year={Aug. 2020},
volume={},
number={},
pages={1-6},
doi={10.1109/PIMRC48278.2020.9217354}}











@ARTICLE{9973013,
author={Pang, Gaoyang and Liu, Wanchun and Li, Yonghui and Vucetic, Branka},
journal={IEEE Trans. Wireless Commun.},
title={DRL-based Resource Allocation in Remote State Estimation},
year={Dec. 2022},
volume={},
number={},
pages={1-1},
doi={10.1109/TWC.2022.3225581}}


@INPROCEEDINGS{7778870,
author={Ding, Jiao and Xiao, Kun and Xu, Yingying and Hou, Feiyu},
booktitle={2016 First IEEE Intern. Conf. on Computer Commun. and the Inter. (ICCCI)},
title={A relay selection method considering the complete effects of outdated channel state information},
year={Oct. 2016},
volume={},
number={},
pages={23-27},
doi={10.1109/CCI.2016.7778870}}

@ARTICLE{9060897,
  author={Khoshafa, Majid H. and Ngatched, Telex M. N. and Ahmed, Mohamed H. and Ibrahim, Ahmed},
  journal={IEEE Wireless Commun. Lett.}, 
  title={Secure Transmission in Wiretap Channels Using Full-Duplex Relay-Aided {D2D} Communications With Outdated {CSI}}, 
  year={Aug. 2020},
  volume={9},
  number={8},
  pages={1216-1220},
  doi={10.1109/LWC.2020.2986404}}

  @ARTICLE{9490648,
  author={Mashhadi, Shima and Ghiasi, Niyousha and Farahmand, Shahrokh and Razavizadeh, S. Mohammad},
  journal={IEEE Commun. Lett.}, 
  title={Deep Reinforcement Learning Based Adaptive Modulation With Outdated {CSI}}, 
  year={Oct. 2021},
  volume={25},
  number={10},
  pages={3291-3295},
  doi={10.1109/LCOMM.2021.3098419}}

@Article{liang2018efficient,
  author    = {Liang, Hao and Liu, Aijun and Zhang, Yingxian and Liang, Xiaohu},
  journal   = {IEEE Access},
  title     = {Efficient design of multi-packet hybrid {ARQ} transmission scheme based on polar codes},
  year      = {2018},
  pages     = {31564--31570},
  volume    = {6},
  publisher = {IEEE},
}

@Comment{jabref-meta: databaseType:bibtex;}

