% We have only 15 references to cite:

@article{di2020smart,
  title={Smart radio environments empowered by reconfigurable intelligent surfaces: {How} it works, state of research, and the road ahead},
  author={Di Renzo, Marco and Zappone, Alessio and Debbah, Merouane and Alouini, Mohamed-Slim and Yuen, Chau and De Rosny, Julien and Tretyakov, Sergei},
  journal={IEEE J. Selec. Area Commun.},
  volume={38},
  number={11},
  pages={2450--2525},
  year={2020},
}

@article{yu2021smart,
  title={Smart and reconfigurable wireless communications: {From IRS} modeling to algorithm design},
  author={Yu, Xianghao and Jamali, Vahid and Xu, Dongfang and Ng, Derrick Wing Kwan and Schober, Robert},
  journal={IEEE Wireless Commun. Mag.},
  volume={28},
  number={6},
  pages={118--125},
  year={2021},
}

@article{kazim2020wireless,
  title={Wireless on Walls: Revolutionizing the future of health care},
  author={Kazim, Jalil ur Rehman and Cui, Tie Jun and Zoha, Ahmed and Li, Lianlin and Shah, Syed Aziz and Alomainy, Akram and Imran, Muhammad Ali and Abbasi, Qammer H and others},
  journal={IEEE Antennas and Propagation Mag.},
  volume={63},
  number={6},
  pages={87--93},
  year={2020},
  publisher={IEEE}
}

@article{venkatesh2022programmable,
  title={A Programmable Terahertz Metasurface With Circuit-Coupled Meta-Elements in Silicon Chips: {Creating} Low-Cost, Large-Scale, Reconfigurable Terahertz Metasurfaces},
  author={Venkatesh, Suresh and Lu, Xuyang and Saeidi, Hooman and Sengupta, Kaushik},
  journal={IEEE Antennas and Propagation Mag.},
  volume={64},
  number={4},
  pages={110--122},
  year={2022},
  publisher={IEEE}
}
 
@article{javor1995design,
  title={Design and performance of a microstrip reflectarray antenna},
  author={Javor, Ronald David and Wu, Xiao-Dong and Chang, Kai},
  journal={IEEE Trans. Antennas and Propagation},
  volume={43},
  number={9},
  pages={932--939},
  year={1995},
}

@article{tang2020wireless,
  title={Wireless communications with reconfigurable intelligent surface: {Path} loss modeling and experimental measurement},
  author={Tang, Wankai and Chen, Ming Zheng and Chen, Xiangyu and Dai, Jun Yan and Han, Yu and Di Renzo, Marco and Zeng, Yong and Jin, Shi and Cheng, Qiang and Cui, Tie Jun},
  journal={IEEE Trans. Wireless Commun.},
  volume={20},
  number={1},
  pages={421--439},
  year={2020},
}

@article{rossanese2022designing,
  title={Designing, Building, and Characterizing {RF} Switch-based Reconfigurable Intelligent Surfaces},
  author={Rossanese, Marco and Mursia, Placido and Garcia-Saavedra, Andres and Sciancalepore, Vincenzo and Asadi, Arash and Costa-Perez, Xavier},
  journal={arXiv preprint arXiv:2207.07121},
  year={2022}
}

@article{alamzadeh2021reconfigurable,
  title={A reconfigurable intelligent surface with integrated sensing capability},
  author={Alamzadeh, Idban and Alexandropoulos, George C and Shlezinger, Nir and Imani, Mohammadreza F},
  journal={Scientific Reports},
  volume={11},
  number={1},
  pages={20737},
  year={2021},
  publisher={Nature Publishing Group UK London}
}

@book{ferrari2022reconfigurable,
  title={Reconfigurable Circuits and Technologies for Smart Millimeter-wave Systems},
  author={Ferrari, Philippe and Jakoby, Rolf and Karabey, Onur Hamza and Maune, Holger and Rehder, Gustavo},
  year={2022},
  publisher={Cambridge University Press}
}

@phdthesis{weickhmann2017liquid,
  title={Liquid crystals towards terahertz: {Characterisation} and tunable waveguide phase shifters for millimetre-wave and terahertz beamsteering antennas},
  author={Weickhmann, Christian},
  year={2017},
  school={Technische Universit{\"a}t Darmstadt}
}

@inproceedings{neuder2023compact,
  title={Compact Liquid Crystal-based Defective Ground Structure Phase Shifter for Reconfigurable Intelligent Surfaces},
  author={Neuder, Robin and Wang, Dongwei and Jakoby, Rolf and Jiménez-Sáez, Alejandro},
  booktitle={European Conf. Antennas and Propagation (EuCAP)},
  year={2023}
}

@inproceedings{manabe2013liquid,
  title={Liquid crystals for microwave applications},
  author={Manabe, Atsutaka},
  booktitle={European Conf. Antennas and Propagation (EuCAP)},
  pages={1793--1794},
  year={2013},
}

@inproceedings{fritzsch201977,
  title={Liquid Crystals beyond Displays: {Smart} Antennas and Digital Optics},
  author={Fritzsch, Carsten and Snow, Benjamin and Sargent, Joe and Klass, Dagmar and Kaur, Sarabjot and Parri, Owain},
  booktitle={SID Symp. Digest of Technical Papers},
  volume={50},
  number={1},
  pages={1098--1101},
  year={2019},
  organization={Wiley Online Library}
}

@inproceedings{schmitt2021design,
  title={Design and fabrication of {MEMS} reflectors for {THz} reflect-arrays},
  author={Schmitt, Lisa and Liu, Xuan and Czylwik, Andreas and Hoffmann, Martin},
  booktitle={Int. Works. Mobile Terahertz Systems (IWMTS)},
  pages={1--5},
  year={2021},
}

@inproceedings{schmitt20213,
  title={3-Bit digital-to-analog converter with mechanical amplifier for binary encoded large displacements},
  author={Schmitt, Lisa and Schmitt, Philip and Hoffmann, Martin},
  booktitle={Actuators},
  volume={10},
  number={8},
  pages={182},
  year={2021},
}


@article{tawk2012varactor,
  title={A varactor-based reconfigurable filtenna},
  author={Tawk, Y and Costantine, J and Christodoulou, CG},
  journal={IEEE Antennas and Wireless Propagation Lett.},
  volume={11},
  pages={716--719},
  year={2012},
}


@inproceedings{rehder2010low,
  title={Low frequency test for {RF MEMS} switches},
  author={Rehder, Gustavo P and Mir, Salvador and Rufer, Libor and Simeu, Emmanuel and Nguyen, Hoang N},
  booktitle={IEEE Int. Symp. Electronic Design, Test \& Applications},
  pages={350--354},
  year={2010},
}

@article{karabey20122,
  title={A {2-D} Electronically Steered Phased-Array Antenna With {2$\times$2} Elements in {LC} Display Technology},
  author={Karabey, Onur Hamza and Gaebler, Alexander and Strunck, Sebastian and Jakoby, Rolf},
  journal={IEEE Trans. Microwave Theory and Techniques},
  volume={60},
  number={5},
  pages={1297--1306},
  year={2012},
}


@inproceedings{strunck2013continuously,
  title={Continuously tunable phase shifters for phased arrays based on liquid crystal technology},
  author={Strunck, Sebastian and Karabey, Onur Hamza and Weickhmann, Christian and Gaebler, Alexander and Jakoby, Rolf},
  booktitle={IEEE Int. Symp. Phased Array Syst. Technol.},
  pages={82--88},
  year={2013},
}

@article{jamali2021power,
  title={Power efficiency, overhead, and complexity tradeoff of {IRS} codebook design—{Quadratic} phase-shift profile},
  author={Jamali, Vahid and Najafi, Marzieh and Schober, Robert and Poor, H Vincent},
  journal={IEEE Commun. Lett.},
  volume={25},
  number={6},
  pages={2048--2052},
  year={2021},
}


@article{tesmer2021temperature,
  title={Temperature characterization of liquid crystal dielectric image line phase shifter for millimeter-wave applications},
  author={Tesmer, Henning and Razzouk, Rani and Polat, Ersin and Wang, Dongwei and Jakoby, Rolf and Maune, Holger},
  journal={Crystals},
  volume={11},
  number={1},
  pages={63},
  year={2021},
}

%%%%%%%%%%%%%%%%%%%%%












@article{jakoby2020microwave,
  title={Microwave liquid crystal enabling technology for electronically steerable antennas in SATCOM and 5G millimeter-wave systems},
  author={Jakoby, Rolf and Gaebler, Alexander and Weickhmann, Christian},
  journal={Crystals},
  volume={10},
  number={6},
  pages={514},
  year={2020},
  publisher={Multidisciplinary Digital Publishing Institute}
}










@article{bjornson2019intelligent,
  title={Intelligent reflecting surface versus decode-and-forward: How large surfaces are needed to beat relaying?},
  author={Bj{\"o}rnson, Emil and {\"O}zdogan, {\"O}zgecan and Larsson, Erik G},
  journal={IEEE Wireless Communications Letters},
  volume={9},
  number={2},
  pages={244--248},
  year={2019},
  publisher={IEEE}
}

@article{di2020hybrid,
  title={Hybrid beamforming for reconfigurable intelligent surface based multi-user communications: Achievable rates with limited discrete phase shifts},
  author={Di, Boya and Zhang, Hongliang and Song, Lingyang and Li, Yonghui and Han, Zhu and Poor, H Vincent},
  journal={IEEE Journal on Selected Areas in Communications},
  volume={38},
  number={8},
  pages={1809--1822},
  year={2020},
  publisher={IEEE}
}



@article{wu2019beamforming,
  title={Beamforming optimization for wireless network aided by intelligent reflecting surface with discrete phase shifts},
  author={Wu, Qingqing and Zhang, Rui},
  journal={IEEE Transactions on Communications},
  volume={68},
  number={3},
  pages={1838--1851},
  year={2019},
  publisher={IEEE}
}

@article{wu2020liquid,
  title={Liquid crystal programmable metasurface for terahertz beam steering},
  author={Wu, Jingbo and Shen, Ze and Ge, Shijun and Chen, Benwen and Shen, Zhixiong and Wang, Taofeng and Zhang, Caihong and Hu, Wei and Fan, Kebin and Padilla, Willie and others},
  journal={Applied physics letters},
  volume={116},
  number={13},
  pages={131104},
  year={2020},
  publisher={AIP Publishing LLC}
}





@article{perez2013design,
  title={Design and experimental validation of liquid crystal-based reconfigurable reflectarray elements with improved bandwidth in F-band},
  author={Perez-Palomino, Gerardo and Baine, Paul and Dickie, Raymond and Bain, Michael and Encinar, Jos{\'e} A and Cahill, Robert and Barba, Mariano and Toso, Giovanni},
  journal={IEEE Transactions on Antennas and Propagation},
  volume={61},
  number={4},
  pages={1704--1713},
  year={2013},
  publisher={IEEE}
}

@article{liu2021programmable,
  title={Programmable manipulations of terahertz beams by transmissive digital coding metasurfaces based on liquid crystals},
  author={Liu, Chen Xi and Yang, Fei and Fu, Xiao Jian and Wu, Jun Wei and Zhang, Lei and Yang, Jun and Cui, Tie Jun},
  journal={Advanced Optical Materials},
  volume={9},
  number={22},
  pages={2100932},
  year={2021},
  publisher={Wiley Online Library}
}

@article{hu2008design,
  title={Design and measurement of reconfigurable millimeter wave reflectarray cells with nematic liquid crystal},
  author={Hu, Wenfei and Cahill, Robert and Encinar, Jose A and Dickie, Raymond and Gamble, Harold and Fusco, Vincent and Grant, Norman},
  journal={IEEE Transactions on Antennas and Propagation},
  volume={56},
  number={10},
  pages={3112--3117},
  year={2008},
  publisher={IEEE}
}

@article{moessinger2006electronically,
  title={Electronically reconfigurable reflectarrays with nematic liquid crystals},
  author={Moessinger, A and Marin, R and Mueller, S and Freese, J and Jakoby, R},
  journal={Electronics Letters},
  volume={42},
  number={16},
  pages={899--900},
  year={2006},
  publisher={IET}
}

@article{alexandropoulos2021reconfigurable,
  title={Reconfigurable intelligent surfaces for rich scattering wireless communications: Recent experiments, challenges, and opportunities},
  author={Alexandropoulos, George C and Shlezinger, Nir and Del Hougne, Philipp},
  journal={IEEE Communications Magazine},
  volume={59},
  number={6},
  pages={28--34},
  year={2021},
  publisher={IEEE}
}

@article{bjornson2020reconfigurable,
  title={Reconfigurable intelligent surfaces: Three myths and two critical questions},
  author={Bj{\"o}rnson, Emil and {\"O}zdogan, {\"O}zgecan and Larsson, Erik G},
  journal={IEEE Communications Magazine},
  volume={58},
  number={12},
  pages={90--96},
  year={2020},
  publisher={IEEE}
}

@article{fu2022flexible,
  title={Flexible Terahertz Beam Manipulations Based on Liquid-Crystal-Integrated Programmable Metasurfaces},
  author={Fu, Xiaojian and Shi, Lei and Yang, Jun and Fu, Yuan and Liu, Chenxi and Wu, Jun Wei and Yang, Fei and Bao, Lei and Cui, Tie Jun},
  journal={ACS Applied Materials \& Interfaces},
  year={2022},
  publisher={ACS Publications}
}


@article{maune2018microwave,
  title={Microwave liquid crystal technology},
  author={Maune, Holger and Jost, Matthias and Reese, Roland and Polat, Ersin and Nickel, Matthias and Jakoby, Rolf},
  journal={Crystals},
  volume={8},
  number={9},
  pages={355},
  year={2018},
  publisher={Multidisciplinary Digital Publishing Institute}
}

@article{molero2021metamaterial,
  title={Metamaterial-Based Reconfigurable Intelligent Surface: 3D Meta-Atoms Controlled by Graphene Structures},
  author={Molero, Carlos and Palomares-Caballero, {\'A}ngel and Alex-Amor, Antonio and Parellada-Serrano, Ignacio and Gamiz, Francisco and Padilla, Pablo and Valenzuela-Vald{\'e}s, Juan F},
  journal={IEEE Communications Magazine},
  volume={59},
  number={6},
  pages={42--48},
  year={2021},
  publisher={IEEE}
}

@article{ozdogan2019intelligent,
  title={Intelligent reflecting surfaces: Physics, propagation, and pathloss modeling},
  author={{\"O}zdogan, {\"O}zgecan and Bj{\"o}rnson, Emil and Larsson, Erik G},
  journal={IEEE Wireless Communications Letters},
  volume={9},
  number={5},
  pages={581--585},
  year={2019},
  publisher={IEEE}
}

@article{pan2021reconfigurable,
  title={Reconfigurable intelligent surfaces for 6G systems: Principles, applications, and research directions},
  author={Pan, Cunhua and Ren, Hong and Wang, Kezhi and Kolb, Jonas Florentin and Elkashlan, Maged and Chen, Ming and Di Renzo, Marco and Hao, Yang and Wang, Jiangzhou and Swindlehurst, A Lee and others},
  journal={IEEE Communications Magazine},
  volume={59},
  number={6},
  pages={14--20},
  year={2021},
  publisher={IEEE}
}

@article{hung2004distributed,
  title={Distributed 2-and 3-bit W-band MEMS phase shifters on glass substrates},
  author={Hung, Juo-Jung and Dussopt, Laurent and Rebeiz, Gabriel M},
  journal={IEEE Transactions on Microwave Theory and Techniques},
  volume={52},
  number={2},
  pages={600--606},
  year={2004},
  publisher={IEEE}
}







@article{yaghmaee2013electrically,
  title={Electrically tuned microwave devices using liquid crystal technology},
  author={Yaghmaee, Pouria and Karabey, Onur Hamza and Bates, Bevan and Fumeaux, Christophe and Jakoby, Rolf},
  journal={International Journal of Antennas and Propagation},
  volume={2013},
  year={2013},
  publisher={Hindawi}
}




@article{bRISSR,
	title={Intelligent reflecting surface-aided joint processing coordinated multipoint transmission},
	author={Hua, Meng and Wu, Qingqing and Ng, Derrick Wing Kwan and Zhao, Jun and Yang, Luxi},
	journal={IEEE Transactions on Communications},
	volume={69},
	number={3},
	pages={1650--1665},
	year={Mar. 2020},
	publisher={IEEE}
}

@article{bRISEE,
	title={Energy-efficient resource allocation for IRS-assisted multi-antenna uplink systems},
	author={Zeng, Ming and Bedeer, Ebrahim and Dobre, Octavia A and Fortier, Paul and Pham, Quoc-Viet and Hao, Wanming},
	journal={IEEE Wireless Communications Letters},
	volume={10},
	number={6},
	pages={1261--1265},
	year={Jun. 2021},
	publisher={IEEE}
}

@article{bRISUF,
	title={Max-min fairness in IRS-aided multi-cell MISO systems with joint transmit and reflective beamforming},
	author={Xie, Hailiang and Xu, Jie and Liu, Ya-Feng},
	journal={IEEE Transactions on Wireless Communications},
	volume={20},
	number={2},
	pages={1379--1393},
	year={Feb. 2021},
	publisher={IEEE}
}

@article{liu2020machine,
  title={Machine learning empowered trajectory and passive beamforming design in UAV-RIS wireless networks},
  author={Liu, Xiao and Liu, Yuanwei and Chen, Yue},
  journal={IEEE Journal on Selected Areas in Communications},
  volume={39},
  number={7},
  pages={2042--2055},
  year={2020},
  publisher={IEEE}
}

@article{chen2022reconfigurable,
  title={Reconfigurable Intelligent Surface (RIS)-Aided Vehicular Networks: Their Protocols, Resource Allocation, and Performance},
  author={Chen, Yuanbin and Wang, Ying and Zhang, Jiayi and Zhang, Ping and Hanzo, Lajos},
  journal={IEEE Vehicular Technology Magazine},
  volume={17},
  number={2},
  pages={26--36},
  year={2022},
  publisher={IEEE}
}

@article{dhok2021non,
  title={Non-linear energy harvesting in RIS-assisted URLLC networks for industry automation},
  author={Dhok, Shivani and Raut, Prasanna and Sharma, Prabhat Kumar and Singh, Keshav and Li, Chih-Peng},
  journal={IEEE Transactions on Communications},
  volume={69},
  number={11},
  pages={7761--7774},
  year={2021},
  publisher={IEEE}
}

@article{keykhosravi2021multi,
  title={Multi-RIS discrete-phase encoding for interpath-interference-free channel estimation},
  author={Keykhosravi, Kamran and Wymeersch, Henk},
  journal={arXiv preprint arXiv:2106.07065},
  year={2021}
}

@article{liu2021reconfigurable,
  title={Reconfigurable intelligent surfaces: Principles and opportunities},
  author={Liu, Yuanwei and Liu, Xiao and Mu, Xidong and Hou, Tianwei and Xu, Jiaqi and Di Renzo, Marco and Al-Dhahir, Naofal},
  journal={IEEE communications surveys \& tutorials},
  volume={23},
  number={3},
  pages={1546--1577},
  year={2021},
  publisher={IEEE}
}

@article{emenonye2022fundamentals,
  title={Fundamentals of RIS-Aided Localization in the Far-Field},
  author={Emenonye, Don-Roberts and Dhillon, Harpreet S and Buehrer, R Michael},
  journal={arXiv preprint arXiv:2206.01652},
  year={2022}
}

@article{hu2020reconfigurable,
  title={Reconfigurable intelligent surface based RF sensing: Design, optimization, and implementation},
  author={Hu, Jingzhi and Zhang, Hongliang and Di, Boya and Li, Lianlin and Bian, Kaigui and Song, Lingyang and Li, Yonghui and Han, Zhu and Poor, H Vincent},
  journal={IEEE Journal on Selected Areas in Communications},
  volume={38},
  number={11},
  pages={2700--2716},
  year={2020},
  publisher={IEEE}
}

@MISC{KymetaCorp,
    title = {Kymeta Corp},
    url={https://www.kymetacorp.com/},
    note = {Accessed on August 26, 2022},
}

@MISC{AlcanSystems,
    title = {Alcan Systems},
    url={https://www.alcansystems.com/},
    note = {Accessed on August 26, 2022},
}

@article{ma2022digital,
  title={Digital Coding Metasurfaces: From Theory to Applications.},
  author={Ma, Qian and Xiao, Qiang and Hong, Qiao Ru and Gao, Xinxin and Galdi, Vincenzo and Cui, Tie Jun},
  journal={IEEE Antennas and Propagation Magazine},
  volume={64},
  number={4},
  pages={96--109},
  year={2022},
  publisher={IEEE}
}


@article{watanabe2020ultrathin,
  title={Ultrathin antenna-integrated glass-based millimeter-wave package with through-glass vias},
  author={Watanabe, Atom O and Lin, Tong-Hong and Ali, Muhammad and Wang, Yiteng and Smet, Vanessa and Raj, Pulugurtha Markondeya and Tentzeris, Manos M and Tummala, Rao R and Swaminathan, Madhavan},
  journal={IEEE Transactions on Microwave Theory and Techniques},
  volume={68},
  number={12},
  pages={5082--5092},
  year={2020},
  publisher={IEEE}
}





@article{chaloun2023rf,
  title={RF Glass Technology Is Going Mainstream: Review and Future Applications},
  author={Chaloun, Tobias and Brandl, Susanne and Ambrosius, Norbert and Kr{\"o}hnert, Kevin and Maune, Holger and Waldschmidt, Christian},
  journal={IEEE Journal of Microwaves},
  volume={3},
  number={2},
  pages={783--799},
  year={2023},
  publisher={IEEE}
}





@article{watanabe2020ultrathin,
  title={Ultrathin antenna-integrated glass-based millimeter-wave package with through-glass vias},
  author={Watanabe, Atom O and Lin, Tong-Hong and Ali, Muhammad and Wang, Yiteng and Smet, Vanessa and Raj, Pulugurtha Markondeya and Tentzeris, Manos M and Tummala, Rao R and Swaminathan, Madhavan},
  journal={IEEE Transactions on Microwave Theory and Techniques},
  volume={68},
  number={12},
  pages={5082--5092},
  year={2020},
  publisher={IEEE}
}


@article{berry1963reflectarray,
  title={The reflectarray antenna},
  author={Berry, D and Malech, R and Kennedy, W},
  journal={IEEE Transactions on Antennas and Propagation},
  volume={11},
  number={6},
  pages={645--651},
  year={1963},
  publisher={IEEE}
}

