%% This BibTeX bibliography file was created using BibDesk.
%% http://bibdesk.sourceforge.net/

%% Created for Erik Agrell at 2020-07-21 16:32:36 +0200 


%% Saved with string encoding Unicode (UTF-8) 


@string{bstj = {Bell Syst. Tech. J.}}

@string{cicc = {Proc. {IEEE} Custom Integr. Circuits Conf.}}

@string{comlet = {{IEEE} Commun. Lett.}}

@string{ecoc = {Proc. Eur. Conf. Opt. Commun. (ECOC)}}

@string{globecom = {Proc. {IEEE} Glob. Commun. Conf. (GLOBECOM)}}

@string{ic = {Inf. Control}}

@string{icc = {Proc. {IEEE} Int. Conf. Commun. (ICC)}}

@string{ipc = {Proc. {IEEE} Photon. Conf.}}

@string{isit = {Proc. {IEEE} Int. Symp. Inf. Theory (ISIT)}}

@string{itw = {Proc. {IEEE} Inf. Theory Workshop (ITW)}}

@string{jlt = {J. Lightw. Technol.}}

@string{jocn = {J. Opt. Commun. Netw.}}

@string{jsac = {{IEEE} J. Sel. Areas Commun.}}

@string{jstqe = {{IEEE} J. Sel. Topics Quantum Electron.}}

@string{mtt = {{IEEE} Trans. Microw. Theory Tech.}}

@string{oe = {Opt. Exp.}}

@string{ofc = {Proc. Opt. Fiber Commun. Conf. (OFC)}}

@string{ol = {Opt. Lett.}}

@string{pieee = {Proc. {IEEE}}}

@string{pj = {{IEEE} Photon. J.}}

@string{ptl = {{IEEE} Photon. Technol. Lett.}}

@string{spmag = {{IEEE} Sig. Proc. Mag.}}

@string{sppcom = {Proc. Sig. Proc. Photon. Commun. (SPPCom)}}

@string{tcom = {{IEEE} Trans. Commun.}}

@string{tit = {{IEEE} Trans. Inf. Theory}}

@string{tvt = {{IEEE} Trans. Veh. Technol.}}

@string{twc = {{IEEE} Trans. Wireless Commun.}}


@article{feng13,
	Author = {Chen Feng and Danilo Silva and Frank R. Kschischang},
	Date-Added = {2020-07-21 16:31:10 +0200},
	Date-Modified = {2020-07-21 16:32:36 +0200},
	Journal = tit,
	Number = {11},
	Pages = {7576--7596},
	Title = {An algebraic approach to physical-layer network coding},
	Volume = {59},
	Year = {2013}}

@inproceedings{zamir14,
	Address = {Hobart, Australia},
	Author = {Ram Zamir},
	Booktitle = itw,
	Date-Added = {2020-07-20 23:06:27 +0200},
	Date-Modified = {2020-07-20 23:07:41 +0200},
	Month = {Nov.},
	Title = {How to design an efficient lattice coding scheme},
	Year = {2014}}

@article{conway84,
	Author = {J. H. Conway and N. J. A. Sloane},
	Date-Added = {2020-07-19 17:11:47 +0200},
	Date-Modified = {2020-07-19 17:13:22 +0200},
	Journal = {SIAM J. Alg. Disc. Meth.},
	Number = {3},
	Pages = {294--305},
	Title = {On the {Voronoi} regions of certain lattices},
	Volume = {5},
	Year = {1984}}

@book{zamir14book,
	Address = {Cambridge, UK},
	Author = {Ram Zamir},
	Date-Added = {2020-07-19 17:07:32 +0200},
	Date-Modified = {2020-07-19 17:09:59 +0200},
	Publisher = {Cambridge University Press},
	Title = {Lattice Coding for Signals and Networks},
	Year = {2014}}

@article{forney89b,
	Author = {Forney, Jr., G. D.},
	Date-Added = {2017-04-03 13:24:45 +0000},
	Date-Modified = {2017-04-03 13:24:45 +0000},
	Journal = jsac,
	Number = {6},
	Pages = {941--958},
	Title = {Multidimensional Constellations---Part {II}: {Voronoi} Constellations},
	Volume = {7},
	Year = {1989}}

@article{conway83,
	Author = {J. H. Conway and N. J. A. Sloane},
	Date-Added = {2017-04-03 11:49:16 +0000},
	Date-Modified = {2017-04-03 11:50:00 +0000},
	Journal = tit,
	Number = {6},
	Pages = {820--824},
	Title = {A Fast Encoding Method for Lattice Codes and Quantizers},
	Volume = {IT-29},
	Year = {1983}}

@article{conway82decoding,
	Author = {J. H. Conway and N. J. A. Sloane},
	Date-Added = {2017-01-10 15:58:23 +0000},
	Date-Modified = {2017-01-10 15:59:41 +0000},
	Journal = tit,
	Number = {2},
	Pages = {227--232},
	Title = {Fast quantizing and decoding algorithms for lattice quantizers and codes},
	Volume = {IT-28},
	Year = {1982}}

@book{conway99book,
	Address = {New York, NY},
	Author = {J. H. Conway and N. J. A. Sloane},
	Date-Added = {2017-01-10 15:53:46 +0000},
	Date-Modified = {2020-07-19 17:18:45 +0200},
	Edition = {3rd},
	Publisher = {Springer},
	Title = {Sphere Packings, Lattices and Groups},
	Year = {1999}}

@article{agrell02,
	Author = {Erik Agrell and Thomas Eriksson and Alexander Vardy and Kenneth Zeger},
	Date-Added = {2016-05-15 14:58:53 +0000},
	Date-Modified = {2016-05-15 15:00:15 +0000},
	Journal = tit,
	Number = {8},
	Pages = {2201--2214},
	Title = {Closest point search in lattices},
	Volume = {48},
	Year = {2002}}
	
@article{fengwensun93,  
author={ {F.-W. Sun} and H. C. A. {van Tilborg}},  
journal= tit,   
title={Approaching capacity by equiprobable signaling on the {Gaussian} channel},   
year={1993},  
volume={39},  
number={5}, 
pages={1714-1716}}

@ARTICLE{forney84,  
author={Forney, Jr., G. D. and R. G. Gallager and G. R. Lang and F. M. Longstaff and S. U. Qureshi},  
journal=jsac,   
title={Efficient Modulation for Band-Limited Channels},   year={1984},  
volume={2},  
number={5},  
pages={632-647}}

@ARTICLE{calderbank90,  
author={A. R. {Calderbank} and L. H. {Ozarow}},  
journal=tit, 
title={Nonequiprobable signaling on the {Gaussian} channel},  year={1990}, 
volume={36},  
number={4},  
pages={726-740}}

@ARTICLE{kschischang93,  
author={F. R. {Kschischang} and S. {Pasupathy}},
journal=tit, 
title={Optimal nonuniform signaling for {Gaussian} channels}, year={1993},  
volume={39}, 
number={3},  
pages={913-929}}

@ARTICLE{gilbert52,  
author={E. N. {Gilbert}},  
journal=bstj,   
title={A comparison of signalling alphabets},   
year={1952},  
volume={31},
number={3}, 
pages={504-522}}

@ARTICLE{campopiano62,  
author={C. N. {Campopiano} and B. G. {Glazer}}, 
journal={IRE Trans. Commun. Sys.},  
title={A Coherent Digital Amplitude and Phase Modulation Scheme},   
year={1962},  
volume={10},
number={1},
pages={90-95}}

@ARTICLE{foschini74,
author={G. J. {Foschini} and R. D. {Gitlin} and S. {Weinstein}}, 
journal=tcom,
title={Optimization of Two-Dimensional Signal Constellations in the Presence of {Gaussian} Noise},
year={1974},
volume={22}, 
number={1}, 
pages={28-38}}

@ARTICLE{forney89a,  author={Forney, Jr., G. D. and L.-F. Wei},  
journal=jsac,
title={Multidimensional constellations---part {I}: {Introduction}, figures of merit, and generalized cross constellations},   year={1989}, 
volume={7}, 
number={6},  pages={877-892},  doi={10.1109/49.29611}}

@INPROCEEDINGS{gultekinISIT,
author={Y. C. {Gültekin} and F. M. J. {Willems} and W. J. {van Houtum} and S. {Şerbetli}}, 
Booktitle =isit, 
title={Approximate Enumerative Sphere Shaping}, 
year={2018}, 
Address = {Vail, CO}}

@ARTICLE{schulte16, 
author={P. {Schulte} and G. {Böcherer}}, 
journal=tit, 
title={Constant Composition Distribution Matching},   year={2016},
volume={62}, 
number={1}, 
pages={430-434}}

@ARTICLE{alijlt20,  
author={A. {Mirani} and E. {Agrell} and M. {Karlsson}},  journal=jlt,
title={Low-Complexity Geometric Shaping},  
year={2021},  
volume={39}, 
number={2},  
pages={363-371}}

@ARTICLE{ferdinandTWC, 
author={N. S. {Ferdinand} and B. M. {Kurkoski} and M. {Nokleby} and B. {Aazhang}}, 
journal=twc,  
title={Low-Dimensional Shaping for High-Dimensional Lattice Codes},  
year={2016}, 
volume={15}, 
number={11}, 
pages={7405-7418}}

@INPROCEEDINGS{ferdinand14,  
author={N. S. {Ferdinand} and B. M. {Kurkoski} and B. {Aazhang} and M. {Latva-aho}},
booktitle=itw,
title={Shaping low-density lattice codes using {Voronoi} integers}, 
year={2014}, 
Month = {Nov.},
address={Hobart, Australia}}

@book{brownbook93,
	Address = {New York, NY},
	Publisher = {Marcel Dekker},
	Author = {W. C. Brown},
	Title = {Matrices over Commutative Rings},
	Year = {1993}}

@INPROCEEDINGS{mkeaofc12,  
author={M. {Karlsson} and E. {Agrell}}, 
booktitle=ofc, 
title={Spectrally efficient four-dimensional modulation},   year={2012}, 
address={ Los Angeles, CA}}

@ARTICLE{conway82Gvalue,  
author={J. H. {Conway} and N. J. A. {Sloane}}, 
journal=tit,  
title={Voronoi regions of lattices, second moments of polytopes, and quantization},  
year={1982}, 
volume={28},  
number={2}, 
pages={211-226}}

@ARTICLE{simon1973,  
author={M. K. {Simon} and J. G. {Smith}}, 
journal=tcom,  
title={Hexagonal Multiple Phase-and-Amplitude-Shift-Keyed Signal Sets}, 
year={1973}, 
volume={21},  
number={10}, 
pages={1108-1115}}

@ARTICLE{smith1975,  
author={J. G. {Smith}}, 
journal=tcom,  
title={Odd-Bit Quadrature Amplitude-Shift Keying},   year={1975}, 
volume={23}, 
number={3}, 
pages={385-389}}
	
@ARTICLE{agrell09, 
author={E. {Agrell} and M. {Karlsson}}, 
journal=jlt, 
title={Power-Efficient Modulation Formats in Coherent Transmission Systems}, 
year={2009}, 
volume={27}, 
number={22}, 
pages={5115-5126}}

@book{Benedetto99book,
	Address = {New York, NY},
	Author = {S. Benedetto and E. Biglieri},
	Publisher = {Kluwer Academic},
	Title = {Principles of Digital Transmission: With
Wireless Applications},
	Year = {1999}}
	
@ARTICLE{alvarado18,  
author={A. {Alvarado} and T. {Fehenberger} and B. {Chen} and F. M. J. {Willems}},  
journal=jlt,  
title={Achievable Information Rates for Fiber Optics: Applications and Computations}, 
year={2018},
volume={36},
number={2}, 
pages={424-439}}

@inproceedings{dvbs2,
title={Digital video broadcasting {(DVB)}; {Second} generation framing structure, channel coding and modulation systems for broadcasting, interactive services, news gathering and other broadband satellite applications {(DVBS2)}},
address={ETSI, Sophia Antipolis, France, Tech. Rep. ETSIEN 302 307 V1.2.1 (2009-08)},
month={Aug.},
year={2009}}

@INPROCEEDINGS{aliecoc,  
author={A. {Mirani} and E. {Agrell} and M. {Karlsson}},  
booktitle=ecoc,  
address={Brussels, Belgium},
month={Dec.},
title={Lattice-based geometric shaping},   year={2020}}


@ARTICLE{cho19,
author={J. {Cho} and P. J. {Winzer}}, 
journal=jlt,  
title={Probabilistic Constellation Shaping for Optical Fiber Communications},  
year={2019}, 
volume={37}, 
number={6}, 
pages={1590-1607}}

@INPROCEEDINGS{bin18, 
author={B. {Chen} and C. {Okonkwo} and H. {Hafermann} and A. {Alvarado}},  
booktitle=ecoc,  
title={Increasing Achievable Information Rates via Geometric Shaping}, 
year={2018}, 
address={Rome, Italy},
month={Sept.}}

@INPROCEEDINGS{kadir20,  
author={K. {Gümüş} and A. {Alvarado} and B. {Chen} and C. {Häger} and E. {Agrell}}, 
booktitle=ofc,  
title={End-to-End Learning of Geometrical Shaping Maximizing Generalized Mutual Information},  
year={2020},
month={Mar.},
address={San Diego, CA}}

@ARTICLE{tobias16,  
author={T. {Fehenberger} and A. {Alvarado} and G. {Böcherer} and N. {Hanik}},  
journal=jlt,  
title={On Probabilistic Shaping of Quadrature Amplitude Modulation for the Nonlinear Fiber Channel}, 
year={2016},
volume={34}, 
number={21}, 
pages={5063-5073}}

@ARTICLE{pas15, 
author={G. {Böcherer} and F. {Steiner} and P. {Schulte}},  journal=tcom,  
title={Bandwidth Efficient and Rate-Matched Low-Density Parity-Check Coded Modulation},  
year={2015},  
volume={63}, 
number={12}, 
pages={4651-4665}}

@misc{mcbook,
  author = {Art B. Owen},
   year = 2013,
   title = {Monte {Carlo} Theory, Methods and Examples},
url={https://statweb.stanford.edu/~owen/mc}}

@ARTICLE{gultekinEntropy,  author={Y. C. Gültekin and T. Fehenberger and A. Alvarado and F. M. J. Willems}, 
journal={Entropy},
title={Probabilistic shaping for finite blocklengths: {distribution} matching and sphere shaping}, 
year={paper 581, 2020}, 
volume={22}, 
number={5}}

@inproceedings{ourISIT,
	Author = {Shen Li and Ali Mirani and Magnus Karlsson and Erik Agrell},
	Title = {Designing {Voronoi} constellations to minimize bit error rate},
	booktitle=isit,
	address={Melbourne, Australia},
	month={July},
	Year = {2021}}
	
@inproceedings{ML1,
  title     = {Mutual Information Estimation using {LSH} Sampling},
  author    = {Spring, Ryan and Shrivastava, Anshumali},
  booktitle = {Proc. International Joint Conferences on Artificial Intelligence (IJCAI)},
  address={Yokohama, Japan},
  year      = {2020},
  month     = {July}}
  
 @INPROCEEDINGS{sommer09,  
 author={N. {Sommer} and M. {Feder} and O. {Shalvi}},  booktitle=itw, 
 title={Shaping methods for low-density lattice codes}, year={2009},  
 Month = {Oct.},
 address={Taormina, Italy}}
 
 
 @ARTICLE{sommer08,  
 author={N. {Sommer} and M. {Feder} and O. {Shalvi}},  journal=tit, 
 title={Low-Density Lattice Codes},  
 year={2008}, 
 volume={54}, 
 number={4}, 
 pages={1561-1585}}
 
 @ARTICLE{kurkoski18,  
 author={B. M. {Kurkoski}}, 
 journal=tit,  
 title={Encoding and Indexing of Lattice Codes},   year={2018},  
 volume={64}, 
 number={9},
 pages={6320-6332}}
 
 @ARTICLE{Ghasemmehdi11,  
 author={Ghasemmehdi, Arash and Agrell, Erik},  journal=tit,
 title={Faster Recursions in Sphere Decoding},   year={2011}, 
 volume={57}, 
 number={6}, 
 pages={3530-3536}}
 
 @ARTICLE{viterbi98,  
 author={Viterbi, A. J.},  
 journal=jsac, 
 title={An intuitive justification and a simplified implementation of the {MAP} decoder for convolutional codes}, 
 year={1998}, 
 volume={16}, 
 number={2},  
 pages={260-264}}
 
 @ARTICLE{forney88,  
 author={Forney, Jr., G. D.},  
 journal=tit,
 title={Coset codes---Part {I}: {Introduction} and geometrical classification}, 
 year={1988}, 
 volume={34}, 
 number={5}, 
 pages={1123-1151}}
 
@ARTICLE{ourTC,
  author={Li, Shen and Mirani, Ali and Karlsson, Magnus and Agrell, Erik},
  journal=tcom, 
  title={Low-Complexity {Voronoi} Shaping for the {Gaussian} Channel}, 
  year={2022},
  volume={70},
  number={2},
  pages={865-873},
  }
	
@INPROCEEDINGS{Kurkoski09,
  author={Kurkoski, Brian M. and Dauwels, Justin and Loeliger, Hans-Andrea},
  booktitle=isit, 
  title={Power-constrained communications using {LDLC} lattices}, 
  year={2009},
  Month={July},
  address={Seoul, Korea}}	
	
	
	
@ARTICLE{Pietro17,
  author={di Pietro, Nicola and Boutros, Joseph J.},
  journal=tcom, 
  title={Leech Constellations of Construction-{A} Lattices}, 
  year={2017},
  volume={65},
  number={11},
  pages={4622-4631}}
  
  
  @INPROCEEDINGS{aliecoc21,
  author={Mirani, Ali and Vijayan, Kovendhan and He, Zonglong and Li, Shen and Agrell, Erik and Schröder, Jochen and Andrekson, Peter and Karlsson, Magnus},
  booktitle=ecoc, 
  title={Experimental Demonstration of 8-Dimensional {Voronoi} Constellations with 65,536 and 16,777,216 Symbols}, 
  year={2021},
  month={Sep.},
  address={Bordeaux, France}}
  
@article{ssfm,
  title={Application of the split-step {Fourier} method to the numerical solution of nonlinear and variable coefficient wave equations},
  author={Ronald H. Hardin and F. Tappert},
  journal={SIAM Review Chronicle},
  year={1973},
  volume={15},
  number={2},
  pages={423},
  month={Apr.}
}


@article{manakov,
author = {P. K. A. Wai and C. R. Menyuk and H. H. Chen},
journal =ol,
number = {16},
pages = {1231--1233},
title = {Stability of solitons in randomly varying birefringent fibers},
volume = {16},
month = {Aug},
year = {1991}
}

@INPROCEEDINGS{eriktutorial,
  author={Agrell, Erik and Secondini, Marco},
  booktitle={IEEE Photon. Conf. (IPC)}, 
  title={Information-Theoretic Tools for Optical Communications Engineers}, 
  year={2018},
  month={Sept.},
  address={Reston, VA, USA}}

@INPROCEEDINGS{dar14,
  author={Dar, Ronen and Feder, Meir and Mecozzi, Antonio and Shtaif, Mark},
  booktitle=isit, 
  title={On shaping gain in the nonlinear fiber-optic channel}, 
  year={2014},
  month={June},
  pages={2794-2798},
  adress={Honolulu, HI, USA}}

@ARTICLE{bin19,
  author={Chen, Bin and Okonkwo, Chigo and Hafermann, Hartmut and Alvarado, Alex},
  journal=jlt, 
  title={Polarization-Ring-Switching for Nonlinearity-Tolerant Geometrically Shaped Four-Dimensional Formats Maximizing Generalized Mutual Information}, 
  year={2019},
  volume={37},
  number={14},
  pages={3579-3591}}
  
  @INPROCEEDINGS{essiambre20,
  author={Essiambre, René-Jean and Ryf, Roland and Kodialam, Murali and Chen, Bin and Mazur, Mikael and Bonetti, Juan I. and Veronese, Riccardo and Huang, Hanzi and Gupta, Ankit and Aoudia, Fayçal Aït and Burrows, Ellsworth C. and Grosz, Diego F. and Palmieri, Luca and Sellathurai, Mathini and Chen, Xi and Fontaine, Nicolas K. and Chen, Haoshuo},
  booktitle=ecoc, 
  title={Increased Reach of Long-Haul Transmission using a Constant-Power {4D} Format Designed Using Neural Networks}, 
  year={2020},
  month={Dec.},
  address={Brussels, Belgium}}
  
  @ARTICLE{kojima17,
  author={Kojima, Keisuke and Yoshida, Tsuyoshi and Koike-Akino, Toshiaki and Millar, David S. and Parsons, Kieran and Pajovic, Milutin and Arlunno, Valeria},
  journal=jlt, 
  title={Nonlinearity-Tolerant Four-Dimensional {2A8PSK} Family for 5–7 Bits/Symbol Spectral Efficiency}, 
  year={2017},
  volume={35},
  number={8},
  pages={1383-1391}}
  
@INPROCEEDINGS{JochenGithub,
  author={Schröder, Jochen and Mazur, Marius},
  title={{QAMPy} a {DSP} chain for optical communications}, 
  year={2018},
  address={DOI: 10.5281/zenodo.1195720}}
  
  @INPROCEEDINGS{aliecoc22,
  author={Mirani, Ali and Vijayan, Kovendhan and Li, Shen and He, Zonglong and Schröder, Jochen and Andrekson, Peter and Agrell, Erik and Karlsson, Magnus},
  booktitle=ecoc, 
  title={Comparison of Physical Realizations of Multidimensional {Voronoi} Constellations in Single Mode Fibers}, 
  year={2022},
  month={Sept.},
  address={Basel, Switzerland}} 
  
@ARTICLE{Binjlt,
  author={Chen, Bin and Lei, Yi and Liga, Gabriele and Liang, Zhiwei and Ling, Wei and Xue, Xuwei and Alvarado, Alex},
  journal={Journal of Lightwave Technology}, 
  title={Geometrically-Shaped Multi-Dimensional Modulation Formats in Coherent Optical Transmission Systems}, 
  year={2022},
  volume={},
  number={},
  pages={1-14},
  doi={10.1109/JLT.2022.3204101}}
@misc{400ZR,
 author={{Optical Internetworking Forum}},
  title={{OIF-400ZR-01.0} -- Implementation Agreement {400ZR}},
  year={2020},
  month={March},
  howpublished = "\url{https://www.oiforum.com/wp-content/uploads/OIF-400ZR-01.0_reduced2.pdf}"}
  
  @book{principle,
	Edition = {4th},
	Publisher = {Springer},
	Author = {G. L. Stüber},
	Title = {Principles of
Mobile Communication},
	Year = {2017}}
	
	
@inproceedings{Mohsen18,
  author={Tehrani, Mohsen Nader and Torbatian, Mehdi and Sun, Han and Mertz, Pierre and Wu, Kuang-Tsan},
  booktitle=ecoc, 
  title={A Novel Nonlinearity Tolerant Super-{Gaussian} Distribution for Probabilistically Shaped Modulation},
  year={2018},
  address={Rome, Italy}}
  
@book{forney1965concatenated,
  Author={Forney, Jr., G. D.},
  Title={Concatenated codes.},
  Publisher ={Cambridge, MA: MIT Press}, 
  year={1965}
}

@ARTICLE{ourjlt,
  author={Li, Shen and Mirani, Ali and Karlsson, Magnus and Agrell, Erik},
  journal=jlt,
  title={Power-Efficient {Voronoi} Constellations for Fiber-Optic Communication Systems}, 
  year={2023},
  volume={41},
  number={5},
  pages={1298-1308},
  doi={10.1109/JLT.2022.3222423}}

@inproceedings{stern21,
  title={Concatenated Non-Binary Coding with {4D} Constellation Shaping for High-Throughput Fiber-Optic Communication},
  author={Stern, Sebastian and Barakatain, Masoud and Frey, Felix and Fischer, Johannes K and Fischer, Robert F. H.},
  booktitle={Signal Process. in Photon. Commun. (SPPCom)},
  year={2021},
  month={July},
  address={Washington, D.C., US}
}

@INPROCEEDINGS{stern20,
  author={Stern, Sebastian and Barakatain, Masoud and Frey, Felix and Pfeiffer, Johannes and Fischer, Johannes K. and Fischer, Robert F. H.},
  booktitle=ecoc, 
  title={Coded Modulation for Four-Dimensional Signal Constellations with Concatenated Non-Binary Forward Error Correction}, 
  year={2020},
  month={Dec.},
  address={Brussels, Belgium}}

@ARTICLE{frey20,
  author={Frey, Felix and Stern, Sebastian and Fischer, Johannes K. and Fischer, Robert F. H.},
  journal=jlt, 
  title={Two-Stage Coded Modulation for {Hurwitz} Constellations in Fiber-Optical Communications}, 
  year={2020},
  volume={38},
  number={12},
  pages={3135-3146}}

@ARTICLE{calderbank87,
  author={Calderbank, A. R. and Sloane, N. J. A.},
  journal=tit, 
  title={New trellis codes based on lattices and cosets}, 
  year={1987},
  volume={33},
  number={2},
  pages={177-195}}


  @ARTICLE{ungerboeck82,
  author={Ungerboeck, G.},
  journal=tit, 
  title={Channel coding with multilevel/phase signals}, 
  year={1982},
  volume={28},
  number={1},
  pages={55-67}}

@ARTICLE{agrellBRGC04,
  author={Agrell, E. and Lassing, J. and Ström, E. G. and Ottosson, T.},
  journal=tit, 
  title={On the optimality of the binary reflected {Gray} code}, 
  year={2004},
  volume={50},
  number={12},
  pages={3170-3182}}

  @ARTICLE{wachsmann99,
  author={Wachsmann, U. and Fischer, R. F. H. and Huber, J. B.},
  journal=tit, 
  title={Multilevel codes: theoretical concepts and practical design rules}, 
  year={1999},
  volume={45},
  number={5},
  pages={1361-1391}}

@ARTICLE{beygi14jlt,
  author={Beygi, Lotfollah and Agrell, Erik and Kahn, Joseph M. and Karlsson, Magnus},
  journal=jlt, 
  title={Rate-Adaptive Coded Modulation for Fiber-Optic Communications}, 
  year={2014},
  volume={32},
  number={2},
  pages={333-343}}

@ARTICLE{wei87,
  author={Lee-Fang Wei},
  journal=tit, 
  title={Trellis-coded modulation with multidimensional constellations}, 
  year={1987},
  volume={33},
  number={4},
  pages={483-501}}

@INPROCEEDINGS{isaka98,
  author={Isaka, M. and Morelos-Zaragoza, R. H. and Fossorier, M. P. C. and Shu Lin and Imai, H.},
  booktitle=globecom, 
  title={Multilevel coded {16-QAM} modulation with multistage decoding and unequal error protection}, 
  year={1998},
  address={Sydney, NSW, Australia},
  pages={3548-3553}}

@INPROCEEDINGS{yuan6g21,
  author={Yuan, Ruimin and Fang, Jian and Xu, Rongchi and Bai, Baoming and Wang, Jiaqing},
  booktitle={IEEE Globecom Workshops (GC Wkshps)}, 
  title={A Hybrid {MLC} and {BICM} Coded-Modulation Framework for {6G}}, 
  year={2021},
  address={Madrid, Spain}}


  @article{ifabregas08book,
  title={Bit-interleaved coded modulation},
  author={Guill{\'e}n i F{\`a}bregas, Albert and Martinez, Alfonso and Caire, Giuseppe},
  journal={Foundations and Trends in Communications and Information Theory},
  volume={5},
  number={1--2},
  pages={1--153},
  year={2008},
  publisher={Now Publishers, Inc.}
}

@article{caire98,
  title={Bit-interleaved coded modulation},
  author={Caire, Giuseppe and Taricco, Giorgio and Biglieri, Ezio},
  journal=tit,
  volume={44},
  number={3},
  pages={927--946},
  year={1998}}

  @article{smith2011staircase,
  title={Staircase codes: {FEC for 100 Gb/s OTN}},
  author={Smith, Benjamin P and Farhood, Arash and Hunt, Andrew and Kschischang, Frank R and Lodge, John},
  journal=jlt,
  volume={30},
  number={1},
  pages={110--117},
  year={2011}
}

@book{wicker1999reed,
  title={{Reed-Solomon} codes and their applications},
  author={Wicker, Stephen B and Bhargava, Vijay K},
  year={1999},
  publisher={John Wiley \& Sons}
}

@inproceedings{sukmadji2019zipper,
  title={Zipper codes: Spatially-coupled product-like codes with iterative algebraic decoding},
  author={Sukmadji, Alvin Y and Mart{\'\i}nez-Pe{\~n}as, Umberto and Kschischang, Frank R},
  booktitle={Can. Workshop on Inf. Theory (CWIT)},
  pages={1--6},
  year={2019}
}

@article{forney1965bch,
  title={On decoding {BCH} codes},
  author={Forney, Jr., G. D.},
  journal=tit,
  volume={11},
  number={4},
  pages={549--557},
  year={1965}
}

@article{barakatain2020,
  title={Performance-complexity tradeoffs of concatenated {FEC} for higher-order modulation},
  author={Barakatain, Masoud and Lentner, Diego and B{\"o}echerer, Georg and Kschischang, Frank R},
  journal=jlt,
  volume={38},
  number={11},
  pages={2944--2953},
  year={2020}
}

@article{agrell10bicmcapacity,
  author    = {Erik Agrell and Alex Alvarado
               },
  title     = {On the {BICM} Capacity},
  year      = {2010},
  url       = {http://arxiv.org/abs/1001.4548},
  eprinttype = {arXiv},
  eprint    = {1001.4548},
  timestamp = {Mon, 13 Aug 2018 16:46:44 +0200},
  biburl    = {https://dblp.org/rec/journals/corr/abs-1001-4548.bib},
  bibsource = {dblp computer science bibliography, https://dblp.org}
}

@INPROCEEDINGS{zhugeofc13,
  author={Zhuge, Qunbi and Xian Xu and Morsy-Osman, Mohamed and Chagnon, Mathieu and Meng Qiu and Plant, David V.},
  booktitle=ofc, 
  title={Time domain hybrid {QAM} based rate-adaptive optical transmissions using high speed {DACs}}, 
  year={2013},
  month={March},
  address={Anaheim, CA, USA.}}

  @ARTICLE{zhoujlt13,
  author={Zhou, Xiang and Nelson, Lynn E. and Magill, Peter and Isaac, Rejoy and Zhu, Benyuan and Peckham, David W. and Borel, Peter I. and Carlson, Kenneth},
  journal=jlt,
  title={High Spectral Efficiency 400 {Gb/s} Transmission Using {PDM} Time-Domain Hybrid 32–64 {QAM} and Training-Assisted Carrier Recovery}, 
  year={2013},
  volume={31},
  number={7},
  pages={999-1005}}

@ARTICLE{zhoucm13,
  author={Zhou, Xiang and Nelson, Lynn E. and Magill, Peter},
  journal={IEEE Commun. Mag.}, 
  title={Rate-adaptable optics for next generation long-haul transport networks}, 
  year={2013},
  volume={51},
  number={3},
  pages={41-49}}

@ARTICLE{imai77,
  author={Imai, H. and Hirakawa, S.},
  journal=tit, 
  title={A new multilevel coding method using error-correcting codes}, 
  year={1977},
  volume={23},
  number={3},
  pages={371-377}}

  @ARTICLE{wang23,
  author={Wang, Weiming and Long, Zhijun and Qian, Weifeng and Tao, Kai and Wei, Zitao and Zhang, Shihua and Feng, Zhenhua and Xia, Yan and Chen, Yong},
  journal=jlt, 
  title={Real-Time {FPGA} Investigation of Potential {FEC} Schemes for {800G-ZR/ZR+} Forward Error Correction}, 
  year={2023},
  volume={41},
  number={3},
  pages={926-933}}

  @ARTICLE{pook23,
  author={Pook-Kolb, Daniel and Agrell, Erik and Allen, Bruce},
  journal=jsac, 
  title={The {Voronoi} Region of the {Barnes--Wall Lattice $\Lambda_{16}$}}, 
  month={Early Access, 2023, doi: 10.1109/JSAIT.2023.3276897.}}

  @ARTICLE{agrell11,
  author={Agrell, Erik and Alvarado, Alex},
  journal=tit, 
  title={Optimal Alphabets and Binary Labelings for {BICM} at Low {SNR}}, 
  year={2011},
  volume={57},
  number={10},
  pages={6650-6672}}