@ARTICLE{b1,
  author={Shuyi Ren and Kaiming Shen and Xi Lin and Xin Chen and Zhi-Quan Luo},
  journal={IEEE Wireless Communications Letters},
  title={A Linear Time Algorithm for the Optimal Discrete {IRS} Beamforming},
  year={2023},
  volume={12},
  number={3},
  pages={496--500},
  month = "Mar.",
  doi= {},
}
