@string{commmag="IEEE Commun. Mag."}
@string{spmag="IEEE Signal Process. Mag."}
@STRING{vtmag="IEEE Veh. Technol. Mag."}

@string{jsac="IEEE J. Sel. Areas Commun."}
@string{jsait="IEEE J. Sel. Areas Inf. Theory"}
@string{jstsp="IEEE J. Sel. Topics Signal Process."}

@string{tcom="IEEE Trans. Commun."}
@string{tinfo="IEEE Trans. Inf. Theory"}
@string{tsp="IEEE Trans. Signal Process."}
@string{tvt="IEEE Trans. Veh. Technol."}
@string{twireless="IEEE Trans. Wireless Commun."}

@string{ieeear="IEEE Trans. Robot. Autom."}
@string{assp="IEEE Trans. Acoust., Speech, Signal Process."}
@string{tac="IEEE Trans. Autom. Control"}
@string{tnet="IEEE Trans. Netw."}
@string{tant="IEEE Trans. Antennas Propag."}

@string{splett="IEEE Signal Process. Lett."}
@string{commlett="IEEE Commun. Lett."}
@string{wirelesslett="IEEE Wireless Commun. Lett."}

@string{ap="Academic Press"}
@string{pp="Pergamon Press"}
@string{ph="Prentice Hall"}

@string{isit="Proc. IEEE Int. Symp. Inf. Theory"}
@string{icc="Proc. IEEE Int. Conf. Commun."}
@string{vtc="Proc. IEEE Veh. Technol. Conf."}
@string{asilomar="Proc. Asilomar Conf. Signals, Syst. Comput."}
@string{itw="Proc. IEEE Info. Theory Workshop"}




@article{3gpp-nr-coding,
    author = {3GPP},
    title = {{NR}; Multiplexing and Channel Coding},
    journal = {Tech. Rep. TS 38.212, Rel. 16},
    year = {2020},
    month = {Jul.}}
@ARTICLE{Hui-5G-coding-comparison,
  author={Hui, Dennis and Sandberg, Sara and Blankenship, Yufei and Andersson, Mattias and Grosjean, Leefke},
  journal=vtmag, 
  title={Channel Coding in {5G} New Radio: A Tutorial Overview and Performance Comparison with {4G LTE}}, 
  year={2018},
  month={Dec.},
  volume={13},
  number={4},
  pages={60-69},
  doi={10.1109/MVT.2018.2867640}}


%% Polar
@article{arikan-polar,
  author={Arikan, Erdal},
  journal=tinfo, 
  title={Channel Polarization: A Method for Constructing Capacity-Achieving Codes for Symmetric Binary-Input Memoryless Channels}, 
  year={2009},
  volume={55},
  number={7},
  month={Jul.},
  pages={3051-3073},
  doi={10.1109/TIT.2009.2021379}}
@ARTICLE{Trifnov-polar-construction,
  author={Trifonov, Peter},
  journal=tcom, 
  title={Efficient Design and Decoding of Polar Codes}, 
  year={2012},
  volume={60},
  number={11},
  month={Nov.},
  pages={3221-3227},
  doi={10.1109/TCOMM.2012.081512.110872}}
@ARTICLE{Tal-polar-construction,
  author={Tal, Ido and Vardy, Alexander},
  journal=tinfo, 
  title={How to Construct Polar Codes}, 
  year={2013},
  month={Oct.},
  volume={59},
  number={10},
  pages={6562-6582},
  doi={10.1109/TIT.2013.2272694}}

@INPROCEEDINGS{hussami09,
  author={Hussami, Nadine and Korada, Satish Babu and Urbanke, Rudiger},
  booktitle=isit, 
  title={Performance of polar codes for channel and source coding}, 
  year={2009},
  volume={},
  number={},
  pages={1488-1492},
  doi={10.1109/ISIT.2009.5205860}}


%% Decoder
@ARTICLE{Tal-polar-SCL,
  author={Tal, Ido and Vardy, Alexander},
  journal=tinfo, 
  title={List Decoding of Polar Codes}, 
  year={2015},
  month={May},
  volume={61},
  number={5},
  pages={2213-2226},
  doi={10.1109/TIT.2015.2410251}}
@ARTICLE{Balatsoukas-SCL-log,
  author={Balatsoukas-Stimming, Alexios and Parizi, Mani Bastani and Burg, Andreas},
  journal=tsp, 
  title={{LLR}-Based Successive Cancellation List Decoding of Polar Codes}, 
  year={2015},
  month={Oct.},
  volume={63},
  number={19},
  pages={5165-5179},
  doi={10.1109/TSP.2015.2439211}}
@ARTICLE{Niu-CA-polar,
  author={Niu, Kai and Chen, Kai},
  journal=commlett, 
  title={{CRC}-Aided Decoding of Polar Codes}, 
  year={2012},
  month={Oct.},
  volume={16},
  number={10},
  pages={1668-1671},
  doi={10.1109/LCOMM.2012.090312.121501}}
@article{Niu-SCS,
  title={Stack decoding of polar codes},
  author={Niu, Kai and Chen, Kai},
  journal={Electron. Lett.},
  volume={48},
  number={12},
  pages={695--697},
  year={2012},
  month={Jun.},
  publisher={IET}
}


%% Precoding
@INPROCEEDINGS{Zhou-segmented-CApolar-SCL,
  author={Zhou, Huayi and Zhang, Chuan and Song, Wenqing and Xu, Shugong and You, Xiaohu},
  booktitle=vtc, 
  title={Segmented {CRC}-Aided {SC} List Polar Decoding}, 
  year={2016},
  volume={},
  number={},
  doi={10.1109/VTCSpring.2016.7504469}}
@INPROCEEDINGS{Liang-segmented-BCH-CApolar-SCL,
  author={Liang, Xiao and Zhou, Huayi and Wang, Zhongfeng and You, Xiaohu and Zhang, Chuan},
  booktitle=asilomar, 
  title={Segmented successive cancellation list polar decoding with joint {BCH-CRC} codes}, 
  year={2017},
  volume={},
  number={},
  pages={1509-1513},
  doi={10.1109/ACSSC.2017.8335608}}
@ARTICLE{Wang-PCC-polar,
  author={Wang, Tao and Qu, Daiming and Jiang, Tao},
  journal=commlett, 
  title={Parity-Check-Concatenated Polar Codes}, 
  year={2016},
  month={Dec.},
  volume={20},
  number={12},
  pages={2342-2345},
  doi={10.1109/LCOMM.2016.2607169}}
@INPROCEEDINGS{Trifonov-polar-dynamic-frozen,
  author={Trifonov, Peter and Miloslavskaya, Vera},
  booktitle=itw, 
  title={Polar codes with dynamic frozen symbols and their decoding by directed search}, 
  year={2013},
  volume={},
  number={},
  doi={10.1109/ITW.2013.6691213}}
@ARTICLE{Trifonov-polar-subcode,
  author={Trifonov, Peter and Miloslavskaya, Vera},
  journal=jsac, 
  title={Polar Subcodes}, 
  year={2016},
  month={Feb.},
  volume={34},
  number={2},
  pages={254-266},
  doi={10.1109/JSAC.2015.2504269}}

@INPROCEEDINGS{Zhang-PC-polar-Huawei,
  author={Zhang, Huazi and Li, Rong and Wang, Jian and Dai, Shengchen and Zhang, Gongzheng and Chen, Ying and Luo, Hejia and Wang, Jun},
  booktitle=icc, 
  title={Parity-Check Polar Coding for {5G} and Beyond}, 
  year={2018},
  volume={},
  number={},
  doi={10.1109/ICC.2018.8422462}}
@INPROCEEDINGS{Gelincik-polar-row-merging,
  author={Gelincik, Samet and Mary, Philippe and Baudais, Jean-Yves and Savard, Anne},
  booktitle=icc, 
  title={Achieving {PAC} Code Performance with {SCL} Decoding without Extra Computational Complexity}, 
  year={2022},
  volume={},
  number={},
  pages={104-109},
  doi={10.1109/ICC45855.2022.9838502}}


@article{li-pretransformed,
  title={On pre-transformed polar codes},
  author={Li, Bin and Zhang, Huazi and Gu, Jiaqi},
  journal={arXiv preprint arXiv:1912.06359},
  note = {[Online]. Available: https://arxiv.org/abs/1912.06359},
  year={2019}}
@INPROCEEDINGS{li-pretransformed-average,
  author={Li, Yuan and Zhang, Huazi and Li, Rong and Wang, Jun and Yan, Guiying and Ma, Zhiming},
  booktitle=isit, 
  title={On the Weight Spectrum of Pre-Transformed Polar Codes}, 
  year={2021},
  volume={},
  number={},
  pages={1224-1229},
  doi={10.1109/ISIT45174.2021.9517933}}

@article{arikan-pac,
  title={From sequential decoding to channel polarization and back again},
  author={Ar{\i}kan, Erdal},
  journal={arXiv preprint arXiv:1908.09594},
  note={[Online]. Available: https://arxiv.org/abs/1908.09594},
  year={2019}}
@article{moradi-pac,
  title={Performance and complexity of sequential decoding of {PAC} codes},
  author={Moradi, Mohsen and Mozammel, Amir and Qin, Kangjian and Arikan, Erdal},
  journal={arXiv preprint arXiv:2012.04990},
  note={[Online]. Available: https://arxiv.org/abs/2012.04990},
  year={2020}
}
@article{vardy-pac,
  title={List decoding of {Ar{\i}kan’s PAC} codes},
  author={Yao, Hanwen and Fazeli, Arman and Vardy, Alexander},
  journal={Entropy},
  volume={23},
  number={7},
  pages={841},
  year={2021},
  publisher={MDPI}
}
@article{Moradi-pac-monte-carlo,
  title={A {Monte-Carlo} based construction of polarization-adjusted convolutional {(PAC)} codes},
  author={Moradi, Mohsen and Mozammel, Amir},
  journal={arXiv preprint arXiv:2106.08118},
  note={[Online]. Available: https://arxiv.org/abs/2106.08118},
  year={2021}
}
@ARTICLE{Liu-PAC-construction,
  author={Liu, Wenxin and Chen, Li and Liu, Xingcheng},
  journal=commlett, 
  title={A Weighted Sum Based Construction of {PAC} Codes}, 
  year={2023},
  month={Jan.},
  volume={27},
  number={1},
  pages={28-31},
  doi={10.1109/LCOMM.2022.3209082}}
@INPROCEEDINGS{Rowshan-PAC-construction,
  author={Rowshan, Mohammad and Hoang Dau, Son and Viterbo, Emanuele},
  booktitle=itw, 
  title={Improving the Error Coefficient of Polar Codes}, 
  year={2022},
  volume={},
  number={},
  pages={249-254},
  doi={10.1109/ITW54588.2022.9965852}}
@ARTICLE{Miloslavskaya-recursive-design,
  author={Miloslavskaya, Vera and Vucetic, Branka and Li, Yonghui and Park, Giyoon and Park, Ok-Sun},
  journal=tcom, 
  title={Recursive Design of Precoded Polar Codes for {SCL} Decoding}, 
  year={2021},
  month={Dec.},
  volume={69},
  number={12},
  pages={7945-7959},
  doi={10.1109/TCOMM.2021.3111625}}
@ARTICLE{Chiu-PAC-consgruction,
  author={Chiu, Mao-Ching and Su, Yi-Sheng},
  journal=tcom, 
  title={Design of Polar Codes and {PAC} Codes for {SCL} Decoding}, 
  year={2023},
  month={May},
  volume={71},
  number={5},
  pages={2587-2601},
  doi={10.1109/TCOMM.2023.3263225}}


@ARTICLE{Moradi-PAC-Fano-metric,
  author={Moradi, Mohsen},
  journal=tcom, 
  title={On Sequential Decoding Metric Function of Polarization-Adjusted Convolutional {(PAC)} Codes}, 
  year={2021},
  month={Dec.},
  volume={69},
  number={12},
  pages={7913-7922},
  doi={10.1109/TCOMM.2021.3111018}}
@ARTICLE{Rowshan-PAC-Fano-metric,
  author={Rowshan, Mohammad and Burg, Andreas and Viterbo, Emanuele},
  journal=tvt, 
  title={Polarization-Adjusted Convolutional {(PAC)} Codes: Sequential Decoding vs List Decoding}, 
  year={2021},
  month={Feb.},
  volume={70},
  number={2},
  pages={1434-1447},
  doi={10.1109/TVT.2021.3052550}}



%% finite length analysis
@ARTICLE{polyanskiy-finite,
  author={Polyanskiy, Yury and Poor, H. Vincent and Verdu, Sergio},
  journal=tinfo, 
  title={Channel Coding Rate in the Finite Blocklength Regime}, 
  year={2010},
  month={May},
  volume={56},
  number={5},
  pages={2307-2359},
  doi={10.1109/TIT.2010.2043769}}
@ARTICLE{mondelli-urbanke-polar2RM,
  author={Mondelli, Marco and Hassani, S. Hamed and Urbanke, Rüdiger L.},
  journal=tcom, 
  title={From Polar to {Reed-Muller} Codes: A Technique to Improve the Finite-Length Performance}, 
  year={2014},
  month={Sep.},
  volume={62},
  number={9},
  pages={3084-3091},
  doi={10.1109/TCOMM.2014.2345069}}
@article{li-tse-rm-polar,
  title={A {RM}-polar codes},
  author={Li, Bin and Shen, Hui and Tse, David},
  journal={arXiv preprint arXiv:1407.5483},
  note={[Online]. Available: https://arxiv.org/abs/1407.5483},
  year={2014}
}
@ARTICLE{Hassani-polar-scaling-law,
  author={Hassani, Seyed Hamed and Alishahi, Kasra and Urbanke, Rüdiger L.},
  journal=tinfo, 
  title={Finite-Length Scaling for Polar Codes}, 
  year={2014},
  month={Oct.},
  volume={60},
  number={10},
  pages={5875-5898},
  doi={10.1109/TIT.2014.2341919}}
@ARTICLE{Goldin-polar-scaling-law,
  author={Goldin, Dina and Burshtein, David},
  journal=tinfo, 
  title={Improved Bounds on the Finite Length Scaling of Polar Codes}, 
  year={2014},
  month={Nov.},
  volume={60},
  number={11},
  pages={6966-6978},
  doi={10.1109/TIT.2014.2359197}}
@INPROCEEDINGS{Hassani-RM-scaling-law,
  author={Hassani, Hamed and Kudekar, Shrinivas and Ordentlich, Or and Polyanskiy, Yury and Urbanke, Rudiger},
  booktitle=isit, 
  title={Almost Optimal Scaling of {Reed-Muller} Codes on {BEC} and {BSC} Channels}, 
  year={2018},
  volume={},
  number={},
  pages={311-315},
  doi={10.1109/ISIT.2018.8437453}}
@ARTICLE{Yang-finite-mimo-fading,
  author={Yang, Wei and Durisi, Giuseppe and Koch, Tobias and Polyanskiy, Yury},
  journal=tinfo, 
  title={Quasi-Static Multiple-Antenna Fading Channels at Finite Blocklength}, 
  year={2014},
  month={Jul.},
  volume={60},
  number={7},
  pages={4232-4265},
  doi={10.1109/TIT.2014.2318726}}
@ARTICLE{Makki-finite-HARQ,
  author={Makki, Behrooz and Svensson, Tommy and Zorzi, Michele},
  journal=wirelesslett, 
  title={Finite Block-Length Analysis of the Incremental Redundancy {HARQ}}, 
  year={2014},
  month={Oct.},
  volume={3},
  number={5},
  pages={529-532},
  doi={10.1109/LWC.2014.2353059}}



%% Bird eye view & URLLC
@ARTICLE{costello-road2capacity,
  author={Costello, Daniel J. and Forney, G. David},
  journal={Proceedings of the IEEE}, 
  title={Channel coding: The road to channel capacity}, 
  year={2007},
  month={Jun.},
  volume={95},
  number={6},
  pages={1150-1177},
  doi={10.1109/JPROC.2007.895188}}
@article{shirvanimoghaddam19,
  author={Shirvanimoghaddam, Mahyar and Mohammadi, Mohammad Sadegh and Abbas, Rana and Minja, Aleksandar and Yue, Chentao and Matuz, Balazs and Han, Guojun and Lin, Zihuai and Liu, Wanchun and Li, Yonghui and Johnson, Sarah and Vucetic, Branka},
  journal=commmag, 
  title={Short Block-Length Codes for Ultra-Reliable Low Latency Communications}, 
  year={2019},
  volume={57},
  number={2},
  month={Feb.},
  pages={130-137},
  doi={10.1109/MCOM.2018.1800181}}
@ARTICLE{yue23,
  author={Yue, Chentao and Miloslavskaya, Vera and Shirvanimoghaddam, Mahyar and Vucetic, Branka and Li, Yonghui},
  journal=commmag, 
  title={Efficient Decoders for Short Block Length Codes in {6G URLLC}}, 
  year={2023},
  volume={61},
  number={4},
  pages={84-90},
  month={Apr.},
  doi={10.1109/MCOM.001.2200275}}


@ARTICLE{Chen-URLLC,
  author={Chen, He and Abbas, Rana and Cheng, Peng and Shirvanimoghaddam, Mahyar and Hardjawana, Wibowo and Bao, Wei and Li, Yonghui and Vucetic, Branka},
  journal=commmag, 
  title={Ultra-Reliable Low Latency Cellular Networks: Use Cases, Challenges and Approaches}, 
  year={2018},
  month={Dec.},
  volume={56},
  number={12},
  pages={119-125},
  doi={10.1109/MCOM.2018.1701178}}
@article{tataria-6G-URLLC,
  title={{6G} wireless systems: Vision, requirements, challenges, insights, and opportunities},
  author={Tataria, Harsh and Shafi, Mansoor and Molisch, Andreas F and Dohler, Mischa and Sj{\"o}land, Henrik and Tufvesson, Fredrik},
  journal={Proceedings of the IEEE},
  volume={109},
  number={7},
  pages={1166--1199},
  year={2021},
  month={Jul.},
  publisher={IEEE}
}
@ARTICLE{zhang-6G-URLLC,
  author={Zhang, Zhengquan and Xiao, Yue and Ma, Zheng and Xiao, Ming and Ding, Zhiguo and Lei, Xianfu and Karagiannidis, George K. and Fan, Pingzhi},
  journal=vtmag, 
  title={{6G} Wireless Networks: Vision, Requirements, Architecture, and Key Technologies}, 
  year={2019},
  month={Sep.},
  volume={14},
  number={3},
  pages={28-41},
  doi={10.1109/MVT.2019.2921208}}
@ARTICLE{david-6G-URLLC,
  author={David, Klaus and Berndt, Hendrik},
  journal=vtmag, 
  title={{6G} Vision and Requirements: Is There Any Need for Beyond {5G}?}, 
  year={2018},
  month={Sep.},
  volume={13},
  number={3},
  pages={72-80},
  doi={10.1109/MVT.2018.2848498}}
@ARTICLE{Wang-6G-Survey,
  author={Wang, Cheng-Xiang and You, Xiaohu and Gao, Xiqi and Zhu, Xiuming and Li, Zixin and Zhang, Chuan and Wang, Haiming and Huang, Yongming and Chen, Yunfei and Haas, Harald and Thompson, John S. and Larsson, Erik G. and Renzo, Marco Di and Tong, Wen and Zhu, Peiying and Shen, Xuemin and Poor, H. Vincent and Hanzo, Lajos},
  journal={IEEE Commun. Surveys Tuts.}, 
  title={On the Road to {6G}: Visions, Requirements, Key Technologies, and Testbeds}, 
  year={2023},
  month={2nd Quart.},
  volume={25},
  number={2},
  pages={905-974},
  doi={10.1109/COMST.2023.3249835}}



%% BOSS
@article{BOSS-URLLC,
  title={Block Orthogonal Sparse Superposition Codes for Ultra-Reliable Low-Latency Communications},
  author={Han, Donghwa and Park, Jeonghun and Lee, Youngjoo and Poor, H Vincent and Lee, Namyoon},
  journal={arXiv preprint arXiv:2208.06835},
    note={[Online]. Available: https://arxiv.org/abs/2208.06835},
  year={2022}
}

%% Reed-Muller
@ARTICLE{Abbe-Reed-Muller,
  author={Abbe, Emmanuel and Shpilka, Amir and Ye, Min},
  journal=tinfo, 
  title={{Reed–Muller} Codes: Theory and Algorithms}, 
  year={2021},
  month={Jun.},
  volume={67},
  number={6},
  pages={3251-3277},
  doi={10.1109/TIT.2020.3004749}}


@article{deep-polar-gc-wkshps,
  title={Deep-Polar Codes: An Efficient Error Correction Code for Short Blocklength Transmission},
  author={Choi, Geon and Lee, Namyoon},
  journal={submitted to IEEE Globecom Workshops},
  year={2023}
}