@ARTICLE{Intro_short,  author={Sharma, Shree Krishna and Wang, Xianbin},  journal={IEEE Commun. Surv. Tut},   title={Toward Massive Machine Type Communications in Ultra-Dense Cellular {IoT} Networks: {Current} Issues and Machine Learning-Assisted Solutions},   year={2020},  volume={22}, month="1st Quart.",  number={1},  pages={426-471},  doi={10.1109/COMST.2019.2916177}}
@ARTICLE{Covert,  author={Bash, Boulat A. and Goeckel, Dennis and Towsley, Don},  journal={IEEE J. Sel. Areas Commun.},   title={Limits of Reliable Communication with Low Probability of Detection on {AWGN} Channels},   year={2013}, month=Sep, volume={31},  number={9},  pages={1921-1930},  doi={10.1109/JSAC.2013.130923}}
@ARTICLE{Gaussian,  author={Yan, Shihao and He, Biao and Zhou, Xiangyun and Cong, Yirui and Swindlehurst, A. Lee},  journal={IEEE Trans. Inf. Forensics Security},   title={Delay-Intolerant Covert Communications With Either Fixed or Random Transmit Power},   year={2019}, month=Jan, volume={14},  number={1},  pages={129-140},  doi={10.1109/TIFS.2018.2846257}}
@ARTICLE{AWGN3,  author={Yu, Xinchun and Wei, Shuangqing and Luo, Yuan},  journal={IEEE Trans. Inf. Forensics Security},   title={Finite Blocklength Analysis of Gaussian Random Coding in {AWGN} Channels Under Covert Constraint},   year={2021},  volume={16},  number={},  pages={1261-1274},  doi={10.1109/TIFS.2020.3032292}}
@INPROCEEDINGS{Fading3,  author={Tang, Haoyue and Wang, Jintao and Zheng, Yahong Rosa},  booktitle={Proc. IEEE INFOCOM Workshops},   title={Covert communications with extremely low power under finite block length over slow fading},   year={2018},  volume={},  number={},  pages={657-661},  doi={10.1109/INFCOMW.2018.8406961}}
@ARTICLE{Nmin,  author={Shahzad, Khurram and Zhou, Xiangyun},  journal={IEEE Trans. Inf. Forensics Security},   title={Covert Wireless Communications Under Quasi-Static Fading With Channel Uncertainty},   year={2021},  volume={16},  number={},  pages={1104-1116},  doi={10.1109/TIFS.2020.3029902}}
@ARTICLE{Active1,  author={Yang, Bin and Taleb, Tarik and Chen, Guilin and Shen, Shikai},  journal={IEEE Netw.},   title={Covert Communication for Cellular and {X2U}-Enabled {UAV} Networks with Active and Passive Wardens},   year={2022}, month="Jan/Feb", volume={36},  number={1},  pages={166-173},  doi={10.1109/MNET.102.2100337}}
@INPROCEEDINGS{Active2,  author={Wang, Jianquan and Sun, Yuanxin and Tang, Wanbin and Li, Xiaoping and Li, Shaoqian},  booktitle={Proc. 11th Int. Conf. Wireless Commun. Signal Process. (WCSP)},   title={Power Threshold Game for Covert Communication in Relay Networks with an Active Warden},   year={2019},  volume={},  number={},  pages={1-6},  doi={10.1109/WCSP.2019.8928060}}
@INPROCEEDINGS{Active3,  author={Sun, Ranran and Yang, Bin and Zhao, Shenghui},  booktitle={Proc. IEEE Int. Conf. Netw. Netw. Appl. (NaNA)},   title={Covert Communication in {D2D} Underlaying Cellular Network},   year={2021},  volume={},  number={},  pages={15-22},  doi={10.1109/NaNA53684.2021.00011}}
@ARTICLE{statistical_CSI,  author={Wang, Chao and Li, Zan and Zhang, Haibin and Ng, Derrick Wing Kwan and Al-Dhahir, Naofal},  journal={IEEE Trans. Wireless Commun.},   title={Achieving Covertness and Security in Broadcast Channels With Finite Blocklength},   year={2022}, month=Sep,  volume={21},  number={9},  pages={7624-7640},  doi={10.1109/TWC.2022.3160051}}
@ARTICLE{ECT2,  author={Ma, Ruiqian and Yang, Weiwei and Tao, Liwei and Lu, Xingbo and Xiang, Zhongwu and Liu, Jue},  journal={IEEE Trans. Veh. Technol.},   title={Covert Communications With Randomly Distributed Wardens in the Finite Blocklength Regime},   year={2022}, month=Jan, volume={71},  number={1},  pages={533-544},  doi={10.1109/TVT.2021.3128600}}
@ARTICLE{Quadrature,  author={Ma, Ruiqian and Yang, Xiaoqin and Pan, Gaofeng and Guan, Xinrong and Zhang, Yu and Yang, Weiwei},  journal={IEEE Wireless Commun. Lett.},   title={Covert Communications With Channel Inversion Power Control in the Finite Blocklength Regime},   year={2021}, month=Apr, volume={10},  number={4},  pages={835-839},  doi={10.1109/LWC.2020.3046508}}
@ARTICLE{jammer,  author={Zheng, Tong-Xing and Yang, Ziteng and Wang, Chao and Li, Zan and Yuan, Jinhong and Guan, Xiaohong},  journal={IEEE Trans. Wireless Commun.},   title={Wireless Covert Communications Aided by Distributed Cooperative Jamming Over Slow Fading Channels},   year={2021}, month=Nov, volume={20},  number={11},  pages={7026-7039},  doi={10.1109/TWC.2021.3080382}}
@ARTICLE{DF,  author={Wang, Manlin and Xu, Zhen and Xia, Bin and Guo, Yinghong and Chen, Zhiyong},  journal={IEEE Trans. Veh. Technol.}, title={{DF} Relay Assisted Covert Communications: {Analysis} and Optimization},    year={2023}, month=Mar,  volume={72},number={3},  pages={4073-4078},doi={10.1109/TVT.2022.3220336}}
@ARTICLE{Fading4,  author={Lin, Yuda and Jin, Liang and Huang, Kaizhi and Sun, Xiaoli and Wang, Feihu},  journal={IEEE Syst. J},   title={Multiantenna Joint Covert Communication System With Finite Blocklength},   year={2022},  volume={},  number={},  pages={1-11},  doi={10.1109/JSYST.2022.3165055}}
@ARTICLE{UAV,  author={Chen, Xinying and Sheng, Min and Zhao, Nan and Xu, Wei and Niyato, Dusit},  journal={IEEE Trans. Commun.},   title={{UAV}-Relayed Covert Communication Towards a Flying Warden},   year={2021}, month=Nov, volume={69},  number={11},  pages={7659-7672},  doi={10.1109/TCOMM.2021.3106354}}