@inproceedings{TLDK17,
  title={{Gradient Coding: Avoiding Stragglers in Distributed Learning}},
  author={Tandon, Rashish and Lei, Qi and Dimakis, Alexandros G and Karampatziakis, Nikos},
  booktitle={International Conference on Machine Learning},
  pages={3368--3376},
  year={2017}
}

@inproceedings{HASH17,
  title={Improving distributed gradient descent using {R}eed-{S}olomon codes},
  author={Halbawi, Wael and Azizan, Navid and Salehi, Fariborz and Hassibi, Babak},
  booktitle={2018 IEEE International Symposium on Information Theory (ISIT)},
  pages={2027--2031},
  year={2018},
  organization={IEEE}
}

@article{RTTD17,
  title={{Gradient Coding from Cyclic MDS Codes and Expander Graphs}},
  author={Raviv, Netanel and Tamo, Itzhak and Tandon, Rashish and Dimakis, Alexandros G},
  journal={IEEE Transactions on Information Theory},
  volume={66},
  number={12},
  pages={7475--7489},
  year={2020},
  publisher={IEEE}
}

@article{Sha79,
  title={{How to Share a Secret}},
  author={Shamir, Adi},
  journal={Communications of the ACM},
  volume={22},
  number={11},
  pages={612--613},
  year={1979},
  publisher={ACm New York, NY, USA}
}

@inproceedings{Bla79,
  added-at = {2009-12-14T10:58:50.000+0100},
  address = {Monval, NJ, USA},
  author = {Blakley, G.R.},
  biburl = {https://www.bibsonomy.org/bibtex/2d299f27b0678618f833266cc435eb4e2/danfunky},
  booktitle = {Proceedings of the 1979 AFIPS National Computer Conference},
  interhash = {49123889df9c6d90a367963e844a84e4},
  intrahash = {d299f27b0678618f833266cc435eb4e2},
  keywords = {secret sharing},
  owner = {D047718},
  pages = {313--317},
  publisher = {AFIPS Press},
  timestamp = {2009-12-14T10:58:51.000+0100},
  title = {Safeguarding cryptographic keys},
  year = 1979
}

@article{OGU19,
  title={Gradient Coding with Clustering and Multi-message Communication},
  author={Ozfatura, Emre and Gunduz, Deniz and Ulukus, Sennur},
  journal={arXiv preprint arXiv:1903.01974},
  year={2019}
}

@inproceedings{YA18,
  title={{Communication-Computation Efficient Gradient Coding}},
  author={Ye, Min and Abbe, Emmanuel},
  booktitle={International Conference on Machine Learning},
  pages={5610--5619},
  year={2018},
  organization={PMLR}
}

@INPROCEEDINGS{CMH20,
  author={Charalambides, Neophytos and Mahdavifar, Hessam and Hero, Alfred O.},
  booktitle={2020 IEEE International Symposium on Information Theory (ISIT)}, 
  title={{Numerically Stable Binary Gradient Coding}}, 
  year={2020},
  volume={},
  number={},
  pages={2622-2627},
  doi={10.1109/ISIT44484.2020.9174512}
}

@article{CMH21,
  title={{Numerically Stable Binary Coded Computations}},
  author={Charalambides, Neophytos and Mahdavifar, Hessam and Hero III, Alfred O.},
  journal={arXiv preprint arXiv:2109.10484},
  year={2021}
}

@inproceedings{HLH16,
  title={Balanced reed-solomon codes},
  author={Halbawi, Wael and Liu, Zihan and Hassibi, Babak},
  booktitle={2016 IEEE International Symposium on Information Theory (ISIT)},
  pages={935--939},
  year={2016},
  organization={IEEE}
}

@book{LX10,
  title={Coding theory: a first course},
  author={Ling, San and Xing, Chaoping},
  year={2010},
  publisher={Cambridge University Press}
}

@book{KL14,
  title={Introduction to modern cryptography},
  author={Katz, Jonathan and Lindell, Yehuda},
  year={2014},
  publisher={Chapman and Hall/CRC}
}
  
@article{DMMW12,
  title={{Fast Approximation of Matrix Coherence and Statistical Leverage}},
  author={Drineas, Petros and Magdon-Ismail, Malik and Mahoney, Michael W and Woodruff, David P},
  journal={Journal of Machine Learning Research},
  volume={13},
  number={Dec},
  pages={3475--3506},
  year={2012}
}

@inproceedings{KSD17,
  title={{Encoded Distributed Optimization}},
  author={Karakus, Can and Sun, Yifan and Diggavi, Suhas},
  booktitle={2017 IEEE International Symposium on Information Theory (ISIT)},
  pages={2890--2894},
  year={2017},
  organization={IEEE}
}

@article{Mah16,
  title={{Lecture Notes on Randomized Linear Algebra}},
  author={Mahoney, Michael W},
  journal={arXiv preprint arXiv:1608.04481},
  year={2016}
}

@article{DM16,
  title={{RandNLA: Randomized Numerical Linear Algebra}},
  author={Drineas, Petros and Mahoney, Michael W},
  journal={Communications of the ACM},
  volume={59},
  number={6},
  pages={80--90},
  year={2016},
  publisher={ACM New York, NY, USA}
}

@article{LLPPR17,
  title={{Speeding Up Distributed Machine Learning Using Codes}},
  author={Lee, Kangwook and Lam, Maximilian and Pedarsani, Ramtin and Papailiopoulos, Dimitris and Ramchandran, Kannan},
  journal={IEEE Transactions on Information Theory},
  volume={64},
  number={3},
  pages={1514--1529},
  year={2017},
  publisher={IEEE}
}

@inproceedings{DMM06,
  title={Sampling algorithms for $\ell_2$ regression and applications},
  author={Drineas, Petros and Mahoney, Michael W and Muthukrishnan, Shan},
  booktitle={Proceedings of the seventeenth annual ACM-SIAM symposium on Discrete algorithm},
  pages={1127--1136},
  year={2006}
}

@article{Woo14,
  title={{Sketching as a Tool for Numerical Linear Algebra}},
  author={Woodruff, David P.},
  journal={Foundations and Trends{\textregistered} in Theoretical Computer Science},
  volume={10},
  number={1--2},
  pages={1--157},
  year={2014},
  publisher={Now Publishers, Inc.}
}

@article{Wan15,
  title={A practical guide to randomized matrix computations with MATLAB implementations},
  author={Wang, Shusen},
  journal={arXiv preprint arXiv:1505.07570},
  year={2015}
}

@article{Mah12,
  title={{Algorithmic and Statistical Perspectives on Large-Scale Data Analysis}},
  author={Mahoney, Michael},
  journal={Combinatorial Scientific Computing},
  pages={427--469},
  year={2012},
  publisher={Boca Raton, FL, USA: Chapman \& Hall/CRC}
}

@article{MLG08,
  title={{Algorithmic and Statistical Challenges in Modern Large-Scale Data Analysis are the Focus of MMDS 2008}},
  author={Mahoney, Michael W and Lim, LekHeng and Carlsson, Gunnar E},
  journal={ACM SIGKDD Explorations Newsletter},
  volume={10},
  number={2},
  pages={57--60},
  year={2008},
  publisher={ACM New York, NY, USA}
}

@article{HMJ11,
  title={{Finding structure with randomness: Probabilistic algorithms for constructing approximate matrix decompositions}},
  author={Halko, Nathan and Martinsson, Per-Gunnar and Tropp, Joel A},
  journal={SIAM review},
  volume={53},
  number={2},
  pages={217--288},
  year={2011},
  publisher={SIAM}
}

@inproceedings{DK01,
  title={{Fast Monte-Carlo Algorithms for Approximate Matrix Multiplication}},
  author={Drineas, Petros and Kannan, Ravi},
  booktitle={Proceedings of the 42nd IEEE symposium on Foundations of Computer Science},
  pages={452--459},
  year={2001}
}

@article{DKM06a,
  title={{Fast Monte Carlo Algorithms for Matrices I: Approximating Matrix Multiplication}},
  author={Drineas, Petros and Kannan, Ravi and Mahoney, Michael W.},
  journal={SIAM Journal on Computing},
  volume={36},
  number={1},
  pages={132--157},
  year={2006},
  publisher={SIAM}
}

@article{DKM06b,
  title={{Fast Monte Carlo Algorithms for Matrices II: Computing a Low-Rank Approximation to a Matrix}},
  author={Drineas, Petros and Kannan, Ravi and Mahoney, Michael W.},
  journal={SIAM Journal on computing},
  volume={36},
  number={1},
  pages={158--183},
  year={2006},
  publisher={SIAM}
}

@article{GMDL06,
  title={Bridging the gap between numerical linear algebra, theoretical computer science, and data applications},
  author={Golub, Gene H and Mahoney, Michael W and Drineas, Petros and Lim, Lek-Heng},
  journal={SIAM News},
  volume={39},
  number={8},
  pages={1--3},
  year={2006}
}

@inproceedings{JL84,
  title={{Extensions of Lipschitz mappings into a Hilbert space}},
  author={Johnson, William B. and Lindenstrauss, Joram},
  booktitle={Contemp. Math.},
  volume={26},
  pages={189--206},
  year={1984}
}

@inproceedings{Sar06,
  title={{Improved Approximation Algorithms for Large Matrices via Random Projections}},
  author={Sarl{\'o}s, Tam{\'a}s},
  booktitle={2006 47th annual IEEE symposium on foundations of computer science (FOCS'06)},
  pages={143--152},
  year={2006},
  organization={IEEE}
}

@article{DMMS11,
  title={{Faster Least Squares Approximation}},
  author={Drineas, Petros and Mahoney, Michael W and Muthukrishnan, Shan and Sarl{\'o}s, Tam{\'a}s},
  journal={Numerische mathematik},
  volume={117},
  number={2},
  pages={219--249},
  year={2011},
  publisher={Springer}
}

@inproceedings{GKCMR20,
  title={{OverSketched Newton: Fast Convex Optimization for Serverless Systems}},
  author={Gupta, Vipul and Kadhe, Swanand and Courtade, Thomas and Mahoney, Michael W. and Ramchandran, Kannan},
  booktitle={2020 IEEE International Conference on Big Data (Big Data)},
  pages={288--297},
  year={2020},
  organization={IEEE}
}

@inproceedings{GWCR18,
  title={{OverSketch: Approximate Matrix Multiplication for the Cloud}},
  author={Gupta, Vipul and Wang, Shusen and Courtade, Thomas and Ramchandran, Kannan},
  booktitle={2018 IEEE International Conference on Big Data (Big Data)},
  pages={298--304},
  year={2018},
  organization={IEEE}
}

@article{BP20,
  title={{Distributed Sketching Methods for Privacy Preserving Regression}},
  author={Bartan, Burak and Pilanci, Mert},
  journal={arXiv preprint arXiv:2002.06538},
  year={2020}
}

@ARTICLE{BP23,
  author={Bartan, Burak and Pilanci, Mert},
  journal={IEEE Transactions on Information Theory}, 
  title={Distributed Sketching for Randomized Optimization: Exact Characterization, Concentration, and Lower Bounds}, 
  year={2023},
  volume={69},
  number={6},
  pages={3850-3879},
  doi={10.1109/TIT.2023.3247559}
}

@inproceedings{AC06,
  title={{Approximate Nearest Neighbors and the Fast Johnson--Lindenstrauss Transform}},
  author={Ailon, Nir and Chazelle, Bernard},
  booktitle={Proceedings of the thirty-eighth annual ACM symposium on Theory of computing},
  pages={557--563},
  year={2006}
}

@article{AC09,
  title={{The Fast Johnson--Lindenstrauss Transform and Approximate Nearest Neighbors}},
  author={Ailon, Nir and Chazelle, Bernard},
  journal={SIAM Journal on computing},
  volume={39},
  number={1},
  pages={302--322},
  year={2009},
  publisher={SIAM}
}

@inproceedings{ZKJKS08,
  author = {Zaharia, Matei and Konwinski, Andy and Joseph, Anthony D. and Katz, Randy and Stoica, Ion},
  title = {{Improving MapReduce Performance in Heterogeneous Environments}},
  year = {2008},
  booktitle = {USENIX Association},
  pages = {29–42},
  numpages = {14},
  location = {San Diego, California},
  series = {OSDI'08}
}

@article{LA20,
url = {http://dx.doi.org/10.1561/0100000103},
year = {2020},
volume = {17},
journal = {Foundations and Trends® in Communications and Information Theory},
title = {Coded Computing},
doi = {10.1561/0100000103},
issn = {1567-2190},
number = {1},
pages = {1-148},
author = {Songze Li and Salman Avestimehr}
}

@article{BZMD14,
  title={{Randomized Dimensionality Reduction for $k$-means Clustering}},
  author={Boutsidis, Christos and Zouzias, Anastasios and Mahoney, Michael W and Drineas, Petros},
  journal={IEEE Transactions on Information Theory},
  volume={61},
  number={2},
  pages={1045--1062},
  year={2014},
  publisher={IEEE}
}

@inproceedings{CEMMP15,
  title={{Dimensionality Reduction for $k$-Means Clustering and Low Rank Approximation}},
  author={Cohen, Michael B and Elder, Sam and Musco, Cameron and Musco, Christopher and Persu, Madalina},
  booktitle={Proceedings of the forty-seventh annual ACM symposium on Theory of computing},
  pages={163--172},
  year={2015}
}

@article{Cha20,
  title={{Dimensionality Reduction for $k$-means Clustering}},
  author={Charalambides, Neophytos},
  journal={arXiv preprint arXiv:2007.13185},
  year={2020}
}

@inproceedings{CPH20a,
  title={{Weighted Gradient Coding with Leverage Score Sampling}},
  author={Charalambides, Neophytos and Pilanci, Mert and Hero, Alfred O},
  booktitle={ICASSP 2020 - 2020 IEEE International Conference on Acoustics, Speech and Signal Processing (ICASSP)},
  pages={5215--5219},
  year={2020},
  organization={IEEE}
}

@misc{Rab76,
  title={Probabilistic Algorithms Algorithms and Complexity: New Directions and Recent Results},
  author={Rabin, Michael O},
  year={1976},
  publisher={Academic Press New York}
}

@article{Rab80,
  title={Probabilistic algorithms in finite fields},
  author={Rabin, Michael O},
  journal={SIAM Journal on computing},
  volume={9},
  number={2},
  pages={273--280},
  year={1980},
  publisher={SIAM}
}

@article{Ach03,
  title={Database-friendly random projections: Johnson-Lindenstrauss with binary coins},
  author={Achlioptas, Dimitris},
  journal={Journal of computer and System Sciences},
  volume={66},
  number={4},
  pages={671--687},
  year={2003},
  publisher={Elsevier}
}

@article{KJ14,
  title={Sparser Johnson-Lindenstrauss Transforms},
  author={Kane, Daniel M and Nelson, Jelani},
  journal={Journal of the ACM (JACM)},
  volume={61},
  number={1},
  pages={1--23},
  year={2014},
  publisher={ACM New York, NY, USA}
}

@INPROCEEDINGS{CPH20c,
  author={Charalambides, Neophytos and Pilanci, Mert and Hero, Alfred O.},
  booktitle={ICASSP 2021 - 2021 IEEE International Conference on Acoustics, Speech and Signal Processing (ICASSP)}, 
  title={{Approximate Weighted $CR$ Coded Matrix Multiplication}},
  year={2021},
  volume={},
  number={},
  pages={5095-5099},
  doi={10.1109/ICASSP39728.2021.9413800}}

@article{AL13,
  title={An almost optimal unrestricted fast Johnson-Lindenstrauss transform},
  author={Ailon, Nir and Liberty, Edo},
  journal={ACM Transactions on Algorithms (TALG)},
  volume={9},
  number={3},
  pages={1--12},
  year={2013},
  publisher={ACM New York, NY, USA}
}

@inproceedings{CLMMPS15,
  title={{Uniform Sampling for Matrix Approximation}},
  author={Cohen, Michael B and Lee, Yin Tat and Musco, Cameron and Musco, Christopher and Peng, Richard and Sidford, Aaron},
  booktitle={Proceedings of the 2015 Conference on Innovations in Theoretical Computer Science},
  pages={181--190},
  year={2015}
}

@inproceedings{FD16,
  title={{Anytime Coding for Distributed Computation}},
  author={Ferdinand, Nuwan S and Draper, Stark C},
  booktitle={2016 54th Annual Allerton Conference on Communication, Control, and Computing (Allerton)},
  pages={954--960},
  year={2016},
  organization={IEEE}
}

@inproceedings{JM19,
  title={{CodedSketch: Coded Distributed Computation of Approximated Matrix Multiplication}},
  author={Jahani-Nezhad, Tayyebeh and Maddah-Ali, Mohammad Ali},
  booktitle={2019 IEEE International Symposium on Information Theory (ISIT)},
  pages={2489--2493},
  year={2019},
  organization={IEEE}
}

@ARTICLE{JM21,
  author={Jahani-Nezhad, Tayyebeh and Maddah-Ali, Mohammad Ali},
  journal={IEEE Transactions on Information Theory}, 
  title={{CodedSketch: A Coding Scheme for Distributed Computation of Approximated Matrix Multiplication}}, 
  year={2021},
  volume={67},
  number={6},
  pages={4185-4196},
  doi={10.1109/TIT.2021.3068165}
}

@article{Elf80,
  title={Block-iterative methods for consistent and inconsistent linear equations},
  author={Elfving, Tommy},
  journal={Numerische Mathematik},
  volume={35},
  number={1},
  pages={1--12},
  year={1980},
  publisher={Springer}
}

@article{Gut06,
  title={{Block Krylov Space Methods for Linear Systems With Multiple Right-hand Sides: An Introduction}},
  author={Gutknecht, Martin H},
  journal={Modern Mathematical Models,Methods and Algorithms for Real World Systems},
  year={2006},
  publisher={Anamaya Publishers}
}

@article{NT14,
  title={{Paved with good intentions: analysis of a randomized block Kaczmarz method}},
  author={Needell, Deanna and Tropp, Joel A},
  journal={Linear Algebra and its Applications},
  volume={441},
  pages={199--221},
  year={2014},
  publisher={Elsevier}
}

@article{RN20,
  title={{On block Gaussian sketching for the Kaczmarz method}},
  author={Rebrova, Elizaveta and Needell, Deanna},
  journal={Numerical Algorithms},
  pages={1--31},
  year={2020},
  publisher={Springer}
}

@article{MR99,
title = {On a product of positive semidefinite matrices},
journal = {Linear Algebra and its Applications},
volume = {295},
number = {1},
pages = {3-6},
year = {1999},
issn = {0024-3795},
doi = {https://doi.org/10.1016/S0024-3795(99)00014-2},
url = {https://www.sciencedirect.com/science/article/pii/S0024379599000142},
author = {A.R. Meenakshi and C. Rajian},
abstract = {Necessary and sufficient conditions are given for the product of two positive semidefinite (psd) matrices to be EP. As a consequence, it is shown that the product of two psd matrices is psd if and only if the product is normal.}
}

@inproceedings{PV20,
  title={{Solving Sparse Linear Systems Faster than Matrix Multiplication}},
  author={Peng, Richard and Vempala, Santosh},
  booktitle={Proceedings of the 2021 ACM-SIAM Symposium on Discrete Algorithms (SODA)},
  pages={504--521},
  year={2021},
  organization={SIAM}
}

@inproceedings{AV21,
  title={{A Refined Laser Method and Faster Matrix Multiplication}},
  author={Alman, Josh and Williams, Virginia Vassilevska},
  booktitle={Proceedings of the 2021 ACM-SIAM Symposium on Discrete Algorithms (SODA)},
  pages={522--539},
  year={2021},
  organization={SIAM}
}

@article{ERNM22,
  author  = {Ali Eshragh and Fred Roosta and Asef Nazari and Michael W. Mahoney},
  title   = {{LSAR: Efficient Leverage Score Sampling Algorithm for the Analysis of Big Time Series Data}},
  journal = {Journal of Machine Learning Research},
  year    = {2022},
  volume  = {23},
  number  = {22},
  pages   = {1--36},
  url     = {http://jmlr.org/papers/v23/20-247.html}
}

@misc{Hoo16,
      title={Max-plus statistical leverage scores},
      author={James Hook},
      year={2016},
      eprint={1609.09519},
      archivePrefix={arXiv},
      primaryClass={stat.ML}
}

@inproceedings{Moh16,
  title={ON THE BOUNDS FOR DIAGONAL AND OFF-DIAGONAL ELEMENTS OF THE HAT MATRIX IN THE LINEAR REGRESSION MODEL},
  author={M. Mohammadi},
  year={2016}
}

@article{ng2020survey,
  title={{A Survey of Coded Distributed Computing}},
  author={Ng, Jer Shyuan and Lim, Wei Yang Bryan and Luong, Nguyen Cong and Xiong, Zehui and Asheralieva, Alia and Niyato, Dusit and Leung, Cyril and Miao, Chunyan},
  journal={arXiv preprint arXiv:2008.09048},
  year={2020}
}

@article{ng2021,
  title={{A Comprehensive Survey on Coded Distributed Computing: Fundamentals, Challenges, and Networking Applications}},
  author={Ng, Jer Shyuan and Lim, Wei Yang Bryan and Luong, Nguyen Cong and Xiong, Zehui and Asheralieva, Alia and Niyato, Dusit and Leung, Cyril and Miao, Chunyan},
  journal={IEEE Communications Surveys \& Tutorials},
  volume={23},
  number={3},
  pages={1800--1837},
  year={2021},
  publisher={IEEE}
}

@article{Tro11,
  title={Improved analysis of the subsampled randomized Hadamard transform},
  author={Tropp, Joel A},
  journal={Advances in Adaptive Data Analysis},
  volume={3},
  number={01n02},
  pages={115--126},
  year={2011},
  publisher={World Scientific}
}

@article{MMY15,
  title={{A Statistical Perspective on Algorithmic Leveraging}},
  author={Ma, Ping and Mahoney, Michael W and Yu, Bin},
  journal={The Journal of Machine Learning Research},
  volume={16},
  number={1},
  pages={861--911},
  year={2015},
  publisher={JMLR. org}
}

@book{SB14,
  title={Understanding machine learning: From theory to algorithms},
  author={Shalev-Shwartz, Shai and Ben-David, Shai},
  year={2014},
  publisher={Cambridge university press}
}

@misc{MM20,
      title={Projection-Cost-Preserving Sketches: Proof Strategies and Constructions}, 
      author={Cameron Musco and Christopher Musco},
      year={2020},
      eprint={2004.08434},
      archivePrefix={arXiv},
      primaryClass={cs.DS}
}

@inproceedings{OJXE18,
  title={{Block CUR: Decomposing Matrices Using Groups of Columns}},
  author={Oswal, Urvashi and Jain, Swayambhoo and Xu, Kevin S and Eriksson, Brian},
  booktitle={Joint European Conference on Machine Learning and Knowledge Discovery in Databases},
  pages={360--376},
  year={2018},
  organization={Springer}
}

@article{CPE17,
  title={Approximate gradient coding via sparse random graphs},
  author={Charles, Zachary and Papailiopoulos, Dimitris and Ellenberg, Jordan},
  journal={arXiv preprint arXiv:1711.06771},
  year={2017}
}

@INPROCEEDINGS{CP18,
  author={Charles, Zachary and Papailiopoulos, Dimitris},
  booktitle={2018 IEEE International Symposium on Information Theory (ISIT)}, 
  title={{Gradient Coding Using the Stochastic Block Model}}, 
  year={2018},
  volume={},
  number={},
  pages={1998-2002},
  doi={10.1109/ISIT.2018.8437887}
}

@article{HYKM19,
  title={Distributed Stochastic Gradient Descent Using {LDGM} Codes},
  author={Horii, Shunsuke and Yoshida, Takahiro and Kobayashi, Manabu and Matsushima, Toshiyasu},
  journal={arXiv preprint arXiv:1901.04668},
  year={2019}
}

@article{BWE19,
  title={{Stochastic Gradient Coding for Straggler Mitigation in Distributed Learning}},
  author={Bitar, Rawad and Wootters, Mary and El Rouayheb, Salim},
  journal={IEEE Journal on Selected Areas in Information Theory}, 
  volume={1},
  pages={277-291},
  year={2020},
  publisher={IEEE}
}

@inproceedings{KKR19,
  title={{Gradient Coding Based on Block Designs for Mitigating Adversarial Stragglers}},
  author={Kadhe, Swanand and Koyluoglu, O Ozan and Ramchandran, Kannan},
  booktitle={2019 IEEE International Symposium on Information Theory (ISIT)},
  pages={2813--2817},
  year={2019},
  organization={IEEE}
}

@ARTICLE{SH22,
  author={Sakorikar, Animesh and Wang, Lele},
  journal={IEEE Journal on Selected Areas in Information Theory}, 
  title={{Soft BIBD and Product Gradient Codes}}, 
  year={2022},
  volume={3},
  number={2},
  pages={229-240},
  doi={10.1109/JSAIT.2022.3182943}
}

@article{GW20,
  title={{Approximate Gradient Coding with Optimal Decoding}},
  author={Glasgow, Margalit and Wootters, Mary},
  journal={IEEE Journal on Selected Areas in Information Theory},
  volume={2},
  number={3},
  pages={855--866},
  year={2021},
  publisher={IEEE}
}

@article{Civ14,
  title={{Column subset selection problem is UG-hard}},
  author={Civril, Ali},
  journal={Journal of Computer and System Sciences},
  volume={80},
  number={4},
  pages={849--859},
  year={2014},
  publisher={Elsevier}
}

@inproceedings{BMD09,
  title={{An Improved Approximation Algorithm for the Column Subset Selection Problem}},
  author={Boutsidis, Christos and Mahoney, Michael W and Drineas, Petros},
  booktitle={Proceedings of the twentieth annual ACM-SIAM symposium on Discrete algorithms},
  pages={968--977},
  year={2009},
  organization={SIAM}
}

@article{BP19,
	title={{Polar Coded Distributed Matrix Multiplication}},
	author={Bartan, Burak and Pilanci, Mert},
	journal={arXiv preprint arXiv:1901.06811},
	year={2019}
}

@inproceedings{BP19a,
  title={{Straggler Resilient Serverless Computing Based on Polar Codes}},
  author={Bartan, Burak and Pilanci, Mert},
  booktitle={2019 57th Annual Allerton Conference on Communication, Control, and Computing (Allerton)},
  pages={276--283},
  year={2019},
  organization={IEEE}
}

@INPROCEEDINGS{CMPH22,
  author={Charalambides, Neophytos and Mahdavifar, Hessam and Pilanci, Mert and Hero, Alfred O.},
  booktitle={2022 IEEE International Symposium on Information Theory (ISIT)}, 
  title={{Orthonormal Sketches for Secure Coded Regression}}, 
  year={2022},
  volume={},
  number={},
  pages={826-831},
  doi={10.1109/ISIT50566.2022.9834356}}

@article{BBGL22,
  title={{Block subsampled randomized Hadamard transform for low-rank approximation on distributed architectures}},
  author={Balabanov, Oleg and Beaup{\`e}re, Matthias and Grigori, Laura and Lederer, Victor},
  journal={arXiv preprint arXiv:2210.11295},
  year={2022}
}

@article{DGSX12,
  title={{Optimal Distributed Online Prediction Using Mini-Batches}},
  author={Dekel, Ofer and Gilad-Bachrach, Ran and Shamir, Ohad and Xiao, Lin},
  journal={Journal of Machine Learning Research},
  volume={13},
  number={1},
  year={2012}
}

@article{PW16,
  title={{Iterative Hessian Sketch: Fast and Accurate Solution Approximation for Constrained Least-Squares}},
  author={Pilanci, Mert and Wainwright, Martin J},
  journal={The Journal of Machine Learning Research},
  volume={17},
  number={1},
  pages={1842--1879},
  year={2016},
  publisher={JMLR. org}
}

@article{PW17,
  title={{Newton Sketch: A Linear-time Optimization Algorithm with Linear-Quadratic Convergence}},
  author={Pilanci, Mert and Wainwright, Martin J},
  journal={SIAM Journal on Optimization},
  volume={27},
  number={1},
  pages={205--245},
  year={2017},
  publisher={SIAM}
}

@article{LLDP20,
  title={{Optimal Iterative Sketching with the Subsampled Randomized Hadamard Transform}},
  author={Lacotte, Jonathan and Liu, Sifan and Dobriban, Edgar and Pilanci, Mert},
  journal={Advances in Neural Information Processing Systems},
  volume={33},
  year={2020}
}

@inproceedings{IWN22,
  title={An information-theoretic justification for model pruning},
  author={Isik, Berivan and Weissman, Tsachy and No, Albert},
  booktitle={International Conference on Artificial Intelligence and Statistics},
  pages={3821--3846},
  year={2022},
  organization={PMLR}
}

@article{Bub15,
url = {http://dx.doi.org/10.1561/2200000050},
year = {2015},
volume = {8},
journal = {Foundations and Trends® in Machine Learning},
title = {{Convex Optimization: Algorithms and Complexity}},
doi = {10.1561/2200000050},
issn = {1935-8237},
number = {3-4},
pages = {231-357},
author = {Sébastien Bubeck}
}

@article{CCFC04,
  title={Finding frequent items in data streams},
  author={Charikar, Moses and Chen, Kevin and Farach-Colton, Martin},
  journal={Theoretical Computer Science},
  volume={312},
  number={1},
  pages={3--15},
  year={2004},
  publisher={Elsevier}
}

@article{YMAA20,
  title={{Straggler Mitigation in Distributed Matrix Multiplication: Fundamental Limits and Optimal Coding}},
  author={Yu, Qian and Maddah-Ali, Mohammad Ali and Avestimehr, A Salman},
  journal={IEEE Transactions on Information Theory},
  volume={66},
  number={3},
  pages={1920--1933},
  year={2020},
  publisher={IEEE}
}

@inproceedings{PKB14,
  title={{Provable Deterministic Leverage Score Sampling}},
  author={Papailiopoulos, Dimitris and Kyrillidis, Anastasios and Boutsidis, Christos},
  booktitle={Proceedings of the 20th ACM SIGKDD international conference on Knowledge discovery and data mining},
  pages={997--1006},
  year={2014}
}

@inproceedings{DFKVV99,
  title={{Clustering in Large Graphs and Matrices}},
  author={Drineas, Petros and Frieze, Alan and Kannan, Ravi and Vempala, Santosh and Vinay, V},
  booktitle={Proceedings of the tenth annual ACM-SIAM symposium on Discrete algorithms},
  pages={291--299},
  year={1999}
}

@article{DFKVV04,
  title={{Clustering Large Graphs via the Singular Value Decomposition}},
  author={Drineas, Petros and Frieze, Alan and Kannan, Ravi and Vempala, Santosh and Vinay, V},
  journal={Machine learning},
  volume={56},
  number={1-3},
  pages={9--33},
  year={2004},
  publisher={Springer}
}

@inproceedings{MOW21,
  title={{Oblivious Sketching for Logistic Regression}},
  author={Munteanu, Alexander and Omlor, Simon and Woodruff, David},
  booktitle={International Conference on Machine Learning},
  pages={7861--7871},
  year={2021},
  organization={PMLR}
}

@INPROCEEDINGS{RCHV23,
  author={Rudow, Michael and Charalambides, Neophytos and Hero III, Alfred O. and Rashmi, K.V.},
  booktitle={2023 IEEE International Symposium on Information Theory (ISIT)}, 
  title={{Compression-Informed Coded Computing}}, 
  year={2023},
  volume={},
  number={},
  pages={2177-2182},
  doi={}
}