@article{zhu2023movable,
  title={Movable-Antenna Enhanced Multiuser Communication via Antenna Position Optimization},
  author={Zhu, Lipeng and others},
  journal={arXiv:2302.06978},
  year={2023}
}
%author={Zhu, Lipeng and Ma, Wenyan and Ning, Boyu and Zhang, Rui},

@article{ma2022mimo,
  title={{MIMO} Capacity Characterization for Movable Antenna Systems},
  author={Ma, Wenyan and Zhu, Lipeng and Zhang, Rui},
  journal={arXiv:2210.05396},
  year={2022}
}
@article{zhu2022modeling,
  title={Modeling and Performance Analysis for Movable Antenna Enabled Wireless Communications},
  author={Zhu, Lipeng and others},
  journal={arXiv:2210.05325},
  year={2022}
}
%author={Zhu, Lipeng and Ma, Wenyan and Zhang, Rui},
@article{wu2023globally,
  title={Globally Optimal Resource Allocation Design for {IRS}-Assisted Multiuser Networks with Discrete Phase Shifts},
  author={Wu, Yifei and others},
  journal={Accepted for presentation at IEEE Int. Conf. Commun. (ICC)},
  year={2023}
}
%author={Wu, Yifei and Xu, Dongfang and Ng, Derrick Wing Kwan and Schober, Robert and Gerstacker, Wolfgang},
%journal={accepted by IEEE Int. Conf. Commun. Wkshps. (ICC Wkshps)},
@article{geoffrion1972generalized,
  title={Generalized {B}enders {D}ecomposition},
  author={Geoffrion, Arthur M},
  journal={J. {O}pt. {T}heory {A}pp.},
  volume={10},
  pages={237--260},
  year={1972},
  publisher={Springer}
}
@article{6698281,
  title={Joint optimization of source precoding and relay beamforming in wireless {MIMO} relay networks},
  author={Rashid, Umar and Tuan, Hoang Duong and Kha, Ha Hoang and Nguyen, Ha H},
  journal={IEEE Trans. Commun.},
  volume={62},
  number={2},
  pages={488--499},
  year={2014},
  month={Feb.}
}
@article{grant2008cvx,
  title={{CVX}: Matlab software for disciplined convex programming, version 2.1},
  author={M. {Grant} and S. {Boyd}},
  journal={http://cvxr.com/cvx},
  year={Jan. 2020}
}

@article{glover1974converting,
  title={Converting the 0-1 polynomial programming problem to a 0-1 linear program},
  author={Glover, Fred and Woolsey, Eugene},
  journal={Operations {R}esearch},
  volume={22},
  number={1},
  pages={180--182},
  year={1974},
  publisher={INFORMS}
}
@ARTICLE{zhang2008joint,
  title={Joint beamforming and power control for multiantenna relay broadcast channel with {Q}o{S} constraints},
  author={R. {Zhang} and C. {Chai} and Y.-C. {Liang}},
  journal={IEEE Trans. Signal Process.},
  volume={57},
  number={2},
  pages={726--737},
  year={2008},
  month={Feb.}
}
@inproceedings{zhuravlev2015experimental,
  title={Experimental simulation of multi-static radar with a pair of separated movable antennas},
  author={Zhuravlev, Andrey and others},
  booktitle={Proc. of IEEE Int. Conf. Microwaves, Commun. Antennas and Electron. Syst. (COMCAS)},
  pages={1--5},
  year={Nov, 2015},
  organization={}
}
%and Razevig, Vladimir and Ivashov, Sergey and Bugaev, Alexander and Chizh, Margarita

@article{xu2022optimal,
  title={Optimal resource allocation design for large {IRS}-assisted {SWIPT} systems: A scalable optimization framework},
  author={Xu, Dongfang and Jamali, Vahid and Yu, Xianghao and Ng, Derrick Wing Kwan and Schober, Robert},
  journal={IEEE Trans. Commun.},
  volume={70},
  number={2},
  pages={1423--1441},
  year={2022},
  publisher={IEEE}
}

@article{mietzner2009multiple,
  title={Multiple-antenna techniques for wireless communications - a comprehensive literature survey},
  author={Mietzner, Jan and others},
  journal={IEEE Commun. Surv. Tuts.},
  volume={11},
  number={2},
  pages={87--105},
  year={2009},
  publisher={IEEE}
}
% author={Mietzner, Jan and Schober, Robert and Lampe, Lutz and Gerstacker, Wolfgang H and Hoeher, Peter A},

@article{xu2020resource,
  title={Resource allocation for {IRS}-assisted full-duplex cognitive radio systems},
  author={Xu, Dongfang and Yu, Xianghao and Sun, Yan and Ng, Derrick Wing Kwan and Schober, Robert},
  journal={IEEE Trans. Commun.},
  volume={68},
  number={12},
  pages={7376--7394},
  year={2020},
  month={Dec.}
}
@article{huang2020holographic,
  title={Holographic {MIMO} surfaces for {6G} wireless networks: Opportunities, challenges, and trends},
  author={Huang, Chongwen and others},
  journal={IEEE Wirel. Commun.},
  volume={27},
  number={5},
  pages={118--125},
  year={2020},
  month={Oct.}
}
%Hu, Sha and Alexandropoulos, George C and Zappone, Alessio and Yuen, Chau and Zhang, Rui and Di Renzo, Marco and Debbah, Merouane
@article{xu2022robust,
  title={Robust and secure resource allocation for {ISAC} systems: A novel optimization framework for variable-length snapshots},
  author={Xu, Dongfang and others},
  journal={IEEE Trans. Commun.},
  volume={70},
  number={12},
  pages={8196--8214},
  year={2022},
  month={Dec.}
}
%  author={Xu, Dongfang and Yu, Xianghao and Ng, Derrick Wing Kwan and Schmeink, Anke and Schober, Robert},

@article{tsai2014power,
  title={Power allocation for artificial-noise secure {MIMO} precoding systems},
  author={Tsai, Shang-Ho and Poor, H Vincent},
  journal={IEEE Trans. Signal Process.},
  volume={62},
  number={13},
  pages={3479--3493},
  year={2014},
  month={Jul.}
}
@article{sanayei2004antenna,
  title={Antenna selection in {MIMO} systems},
  author={Sanayei, Shahab and Nosratinia, Aria},
  journal={IEEE Commun. Mag.},
  volume={42},
  number={10},
  pages={68--73},
  year={2004},
  month={Oct.}
}
@ARTICLE{yu2021robust,
  author={Yu, Xianghao and Xu, Dongfang and Ng, Derrick Wing Kwan and Schober, Robert},
  journal={IEEE Trans. Commun.}, 
  title={{IRS}-Assisted Green Communication Systems: Provable Convergence and Robust Optimization}, 
  year={2021},
  month={Sept.},
  volume={69},
  number={9},
  pages={6313-6329}}

  @article{basbug2017design,
  title={Design and synthesis of antenna array with movable elements along semicircular paths},
  author={Basbug, Suad},
  journal={IEEE Antennas Wirel. Propag. Lett.},
  volume={16},
  pages={3059--3062},
  year={2017},
  publisher={IEEE}
}
@article{luo2006introduction,
  title={An introduction to convex optimization for communications and signal processing},
  author={Luo, Zhi-Quan and Yu, Wei},
  journal={IEEE J. Sel. Areas Commun.},
  volume={24},
  number={8},
  pages={1426--1438},
  year={2006},
  publisher={IEEE}
}
@article{ma2023compressed,
  title={Compressed Sensing Based Channel Estimation for Movable Antenna Communications},
  author={Ma, Wenyan and Zhu, Lipeng and Zhang, Rui},
  journal={arXiv preprint arXiv:2306.04333},
  year={2023}
}
@article{zhu2023movable_chanllenges,
  title={Movable Antennas for Wireless Communication: Opportunities and Challenges},
  author={Zhu, Lipeng and Ma, Wenyan and Zhang, Rui},
  journal={arXiv preprint arXiv:2306.02331},
  year={2023}
}