@misc{schulten2000lectures,
  title={Lectures in theoretical biophysics},
  author={Schulten, Klaus},
  year={2000},
  publisher={USA}
}

@article{saeed2021analytical,
  title={An Analytical Propagation Model for Diffusion-Based Molecular Communication Systems},
  author={Saeed, Musaab and others},
  journal={IEEE Trans. Mol. Biol.},
  year={2021},
  publisher={IEEE}
}

@book{schiff1999laplace,
  title={The Laplace transform: theory and applications},
  author={Schiff, Joel L},
  year={1999},
  publisher={Springer Science \& Business Media}
}

@article{requicha2003nanorobots,
  title={Nanorobots, NEMS, and nanoassembly},
  author={Requicha, Aristides AG},
  journal={Proc. IEEE},
  volume={91},
  number={11},
  pages={1922--1933},
  year={2003},
  publisher={IEEE}
}

@article{chude2017molecular,
  title={Molecular communication and nanonetwork for targeted drug delivery: A survey},
  author={Chude-Okonkwo, Uche AK and Malekian, Reza and Maharaj, Bodhaswar T and Vasilakos, Athanasios V},
  journal={IEEE Commun. Surv.},
  volume={19},
  number={4},
  pages={3046--3096},
  year={2017},
  publisher={IEEE}
}

@article{kumar2020nanomachine,
  title={Nanomachine localization in a diffusive molecular communication system},
  author={Kumar, Sudhir},
  journal={IEEE Syst J.},
  volume={14},
  number={2},
  pages={3011--3014},
  year={2020},
  publisher={IEEE}
}

@article{liu2020channel,
  title={Channel capacity analysis of a comprehensive absorbing receiver for molecular communication via diffusion},
  author={Liu, Shenghan and Wei, Zhuangkun and Wang, Xiang and Zhao, Chenglin},
  journal={IEEE Access},
  volume={8},
  pages={227152--227160},
  year={2020},
  publisher={IEEE}
}

@article{kwak2020two,
  title={Two-way molecular communications},
  author={Kwak, Jong Woo and others},
  journal={IEEE Trans Commun.},
  volume={68},
  number={6},
  pages={3550--3563},
  year={2020},
  publisher={IEEE}
}

@article{liu2021modeling,
  title={Modeling and Dual Threshold Algorithm for Diffusion-based Molecular MIMO Communications},
  author={Liu, Qiang and others},
  journal={IEEE Trans Nanobioscience},
  year={2021},
  publisher={IEEE}
}

@article{koo2016molecular,
  title={Molecular MIMO: From theory to prototype},
  author={Koo, Bon-Hong and others},
  journal={IEEE J. Sel. Areas Commun.},
  volume={34},
  number={3},
  pages={600--614},
  year={2016},
  publisher={IEEE}
}

@article{bi2021survey,
  title={A survey of molecular communication in cell biology: Establishing a new hierarchy for interdisciplinary applications},
  author={Bi, Dadi and others},
  journal={IEEE Commun. Surv. Tutor.},
  volume={23},
  number={3},
  pages={1494--1545},
  year={2021},
  publisher={IEEE}
}

@article{cody1993algorithm,
  title={Algorithm 715: SPECFUN--a portable FORTRAN package of special function routines and test drivers},
  author={Cody, William J},
  journal={ACM Trans Math Softw.},
  volume={19},
  number={1},
  pages={22--30},
  year={1993},
  publisher={ACM New York, NY, USA}
}

@inproceedings{cao2019diffusive,
  title={Diffusive mobile MC for controlled-release drug delivery with absorbing receiver},
  author={Cao, Trang Ngoc and others},
  booktitle={ICC 2019-2019 Int. Conf. Commun.  (ICC)},
  pages={1--7},
  year={2019},
  organization={IEEE}
}

@article{Fardad,
  title={Channel characterization of diffusion-based molecular communication with multiple fully-absorbing receivers},
  author={Ferrari, Marco and others},
  journal={IEEE Trans Commun.},
  volume={70},
  number={5},
  pages={3006--3019},
  year={2022},
  publisher={IEEE}
}

@book{redner2001guide,
  title={A guide to first-passage processes},
  author={Redner, Sidney},
  year={2001},
  publisher={Cambridge university press}
}

@article{jamali2019channel,
  title={Channel modeling for diffusive molecular communicationâ€”A tutorial review},
  author={Jamali, Vahid and Ahmadzadeh, Arman and Wicke, Wayan and Noel, Adam and Schober, Robert},
  journal={Proc. IEEE},
  volume={107},
  number={7},
  pages={1256--1301},
  year={2019},
  publisher={IEEE}
}

@article{vakilipoor2022low,
  title={Low complexity receiver design for time-varying poisson molecular communication channels with memory},
  author={Vakilipoor, Fardad and others},
  journal={Digit. Signal Process.},
  volume={124},
  pages={103187},
  year={2022},
  publisher={Elsevier}
}

  
  @book{newton1968mathematical,
  title={The Mathematical Principles of Natural Philosophy... Translated... by Andrew Motte, Etc.[A Facsimile, with an Introduction by I. Bernard Cohen, of the Edition of 1729.].},
  author={Newton, Isaac and Cohen, I Bernard and Motte, Andrew},
  year={1968},
  publisher={Dawsons of Pall Mall}
}


@article{bao2019channel,
  title={Channel modeling of molecular communication via diffusion with multiple absorbing receivers},
  author={Bao, Xu and others},
  journal={IEEE Wirel. Commun. Lett.},
  volume={8},
  number={3},
  pages={809--812},
  year={2019},
  publisher={IEEE}
}

@article{sabu2022channel,
  title={Channel characterization and performance of a 3-D molecular communication system with multiple fully-absorbing receivers},
  author={Sabu, Nithin V and others},
  journal={IEEE Trans Commun.},
  year={2022},
  publisher={IEEE}
}

@article{sabu20203,
  title={3-D diffusive molecular communication with two fully-absorbing receivers: Hitting probability and performance analysis},
  author={Sabu, Nithin V and others},
  journal={IEEE Trans. Mol. Biol.},
  volume={6},
  number={3},
  pages={244--249},
  year={2020},
  publisher={IEEE}
}

@inproceedings{jia2022capacity,
  title={Capacity Analysis of Diffusive Molecular Communication System with an Interfering Receiver},
  author={Jia, Zhen and others},
  booktitle={2022 Int. Conf. on Networking and Network Applications (NaNA)},
  pages={23--28},
  year={2022},
  organization={IEEE}
}

@article{dinc2019effective,
  title={The effective geometry Monte Carlo algorithm: Applications to molecular communication},
  author={Dinc, Fatih and others},
  journal={Physics Letters A},
  volume={383},
  number={22},
  pages={2594--2603},
  year={2019},
  publisher={Elsevier}
}

@article{akyildiz2019information,
  title={An information theoretic framework to analyze molecular communication systems based on statistical mechanics},
  author={Akyildiz, Ian F and others},
  journal={Proc. IEEE},
  volume={107},
  number={7},
  pages={1230--1255},
  year={2019},
  publisher={IEEE}
}

@article{barros2021molecular,
  title={Molecular communications in viral infections research: Modeling, experimental data, and future directions},
  author={Barros, Michael Taynnan and others},
  journal={IEEE Trans. Mol. Biol.},
  volume={7},
  number={3},
  pages={121--141},
  year={2021},
  publisher={IEEE}
}

@article{felicetti2016applications,
  title={Applications of molecular communications to medicine: A survey},
  author={Felicetti, Luca and others},
  journal={Nano Commun. Netw.},
  volume={7},
  pages={27--45},
  year={2016},
  publisher={Elsevier}
}

@article{soldner2020survey,
  title={A survey of biological building blocks for synthetic molecular communication systems},
  author={S{\"o}ldner, Christian A and others},
  journal={IEEE Commun. Surv. Tutor.},
  volume={22},
  number={4},
  pages={2765--2800},
  year={2020},
  publisher={IEEE}
}

@article{yang2020comprehensive,
  title={A comprehensive survey on hybrid communication in context of molecular communication and terahertz communication for body-centric nanonetworks},
  author={Yang, Ke and others},
  journal={IEEE Trans. Mol. Biol.},
  volume={6},
  number={2},
  pages={107--133},
  year={2020},
  publisher={IEEE}
}

@article{qiu2015long,
  title={Long range and long duration underwater localization using molecular messaging},
  author={Qiu, Song and others},
  journal={IEEE Trans. Mol. Biol.},
  volume={1},
  number={4},
  pages={363--370},
  year={2015},
  publisher={IEEE}
}

@inproceedings{guo2020vertical,
  title={Vertical underwater molecular communications via buoyancy: Gaussian velocity distribution of signal},
  author={Guo, Weisi and others},
  booktitle={ICC 2020-2020 IEEE Int. Conf. Commun. (ICC)},
  pages={1--6},
  year={2020},
  organization={IEEE}
}

@article{hiyama2006molecular,
  title={Molecular communication},
  author={Hiyama, S and others},
  publisher={Citeseer}
}

@article{shannon1948mathematical,
  title={A mathematical theory of communication},
  author={Shannon, Claude E},
  journal={The Bell system technical journal},
  volume={27},
  number={3},
  year={1948},
  publisher={Nokia Bell Labs}
}

@article{pierobon2012capacity,
  title={Capacity of a diffusion-based molecular communication system with channel memory and molecular noise},
  author={Pierobon, Massimiliano and Akyildiz, Ian F},
  journal={IEEE Trans. Inf. Theory},
  volume={59},
  number={2},
  pages={942--954},
  year={2012},
  publisher={IEEE}
}


@inproceedings{ratti2020upper,
  title={Upper and lower bounds of constrained capacity in diffusion-based molecular communication},
  author={Ratti, Francesca and Vakilipoor, Fardad and Magarini, Maurizio and Awan, Hamdan},
  booktitle={2020 IEEE 21st Int. Workshop on Signal Process. Adv. in Wireless Commun. (SPAWC)},
  pages={1--5},
  year={2020},
  organization={IEEE}
}

@article{ratti2021bounds,
  title={Bounds on the constrained capacity for the diffusive Poisson molecular channel with memory},
  author={Ratti, Francesca and Vakilipoor, Fardad and Awan, Hamdan and Magarini, Maurizio},
  journal={IEEE Trans. Mol. Biol. Multi-Scale Commun.},
  volume={7},
  number={2},
  pages={100--105},
  year={2021},
  publisher={IEEE}
}

@article{gohari2016information,
  title={Information theory of molecular communication: Directions and challenges},
  author={Gohari, Amin and Mirmohseni, Mahtab and Nasiri-Kenari, Masoumeh},
  journal={IEEE Trans. Mol. Biol. Multi-Scale Commun.},
  volume={2},
  number={2},
  pages={120--142},
  year={2016},
  publisher={IEEE}
}

@article{upadhyay2019emerging,
  title={Emerging memory devices for neuromorphic computing},
  author={Upadhyay, Navnidhi K and Jiang, Hao and Wang, Zhongrui and Asapu, Shiva and Xia, Qiangfei and Joshua Yang, J},
  journal={Adv. Mater. Technol.},
  volume={4},
  number={4},
  pages={1800589},
  year={2019},
  publisher={Wiley Online Library}
}

@article{awan2017improving,
  title={Improving the capacity of molecular communication using enzymatic reaction cycles},
  author={Awan, Hamdan and Chou, Chun Tung},
  journal={	IEEE Trans. Nanobioscience},
  volume={16},
  number={8},
  pages={744--754},
  year={2017},
  publisher={IEEE}
}

@book{redner2001guide,
  title={A guide to first-passage processes},
  author={Redner, Sidney},
  year={2001},
  publisher={Cambridge university press}
}


@book{conte2017elementary,
  title={Elementary numerical analysis: an algorithmic approach},
  author={Conte, Samuel Daniel and De Boor, Carl},
  year={2017},
  publisher={SIAM}
}

@article{ferrari2022channel,
  title={Channel characterization of diffusion-based molecular communication with multiple fully-absorbing receivers},
  author={Ferrari, Marco and others},
  journal={IEEE Trans Commun},
  volume={70},
  number={5},
  pages={3006--3019},
  year={2022},
  publisher={IEEE}
}

@article{bi2021survey,
  title={A survey of molecular communication in cell biology: Establishing a new hierarchy for interdisciplinary applications},
  author={Bi, Dadi and others},
  journal={IEEE Commun. Surv. Tutor.},
  volume={23},
  number={3},
  pages={1494--1545},
  year={2021},
  publisher={IEEE}
}


@article{mukherjee2002regulation,
  title={Regulation of amyloid $\beta$-peptide levels by enzymatic degradation},
  author={Mukherjee, Atish and Hersh, Louis B},
  journal={Journal of Alzheimer's Disease},
  volume={4},
  number={5},
  pages={341--348},
  year={2002},
  publisher={IOS Press}
}

@inproceedings{arnold2003simulation,
  title={Simulation-based computation of information rates: Upper and lower bounds},
  author={Arnold, Dieter and Kavcic, Aleksandar and Loeliger, Hans-Andrea and Vontobel, Pascal O and Zeng, Wei},
  booktitle={IEEE Int. Symp. Inf. Theory},
  pages={119--119},
  year={2003},
  organization={Citeseer}
}

@book{tyrrell2013diffusion,
  title={Diffusion in liquids: a theoretical and experimental study},
  author={Tyrrell, Henry John Valentine and Harris, KR},
  year={2013},
  publisher={Butterworth-Heinemann}
}

@misc{crank1975mathematics,
  title={The mathematics of diffusion 251 Oxford},
  author={Crank, J},
  year={1975},
  publisher={Clarendon press}
}

@article{vakilipoor2022asymptotic,
  title={Asymptotic mimo channel model for diffusive mc with fully-absorbing receivers},
  author={Vakilipoor, Fardad and Ferrari, Marco and Magarini, Maurizio},
  journal={IEEE Wirel. Commun. Lett.},
  volume={11},
  number={8},
  pages={1634--1638},
  year={2022},
  publisher={IEEE}
}

@inproceedings{einolghozati2011capacity,
  title={Capacity of discrete molecular diffusion channels},
  author={Einolghozati, Arash and Sardari, Mohsen and Beirami, Ahmad and Fekri, Faramarz},
  booktitle={2011 IEEE Int. Symp. Inf. Theory Proc.},
  pages={723--727},
  year={2011},
  organization={IEEE}
}

@inproceedings{tahmasbi2015capacity,
  title={On the capacity achieving probability measures for molecular receivers},
  author={Tahmasbi, Mehrdad and Fekri, Faramarz},
  booktitle={2015 IEEE Inf. Theory Workshop-Fall (ITW)},
  pages={109--113},
  year={2015},
  organization={IEEE}
}

@article{aminian2015capacity,
  title={On the capacity of point-to-point and multiple-access molecular communications with ligand-receptors},
  author={Aminian, Gholamali and Farahnak-Ghazani, Maryam and Mirmohseni, Mahtab and Nasiri-Kenari, Masoumeh and Fekri, Faramarz},
  journal={IEEE Trans. Mol. Biol. Multi-Scale Commun.},
  volume={1},
  number={4},
  pages={331--346},
  year={2015},
  publisher={IEEE}
}

@article{rose2016inscribed,
  title={Inscribed matter communication: Part I},
  author={Rose, Christopher and Mian, I Saira},
  journal={IEEE Trans. Mol. Biol. Multi-Scale Commun.},
  volume={2},
  number={2},
  pages={209--227},
  year={2016},
  publisher={IEEE}
}

@article{farsad2018capacity,
  title={Capacity limits of diffusion-based molecular timing channels with finite particle lifetime},
  author={Farsad, Nariman and Murin, Yonathan and Eckford, Andrew W and Goldsmith, Andrea},
  journal={IEEE Trans. Mol. Biol. Multi-Scale Commun.},
  volume={4},
  number={2},
  pages={88--106},
  year={2018},
  publisher={IEEE}
}

@article{farsad2020capacities,
  title={Capacities and optimal input distributions for particle-intensity channels},
  author={Farsad, Nariman and others},
  journal={IEEE Trans. Mol. Biol. Multi-Scale Commun.},
  volume={6},
  number={3},
  pages={220--232},
  year={2020},
  publisher={IEEE}
}

@article{vakilipoor2023achievable,
  title={Achievable Rate Analysis in Molecular Channels with Reset-Counting Fully Absorbing Receivers},
  author={Vakilipoor, Fardad and Barletta, Luca and Bregni, Stefano and Magarini, Maurizio},
  journal={arXiv preprint arXiv:2306.04261},
  year={2023}
}

@article{ghavami2015information,
  title={Information rates of ask-based molecular communication in fluid media},
  author={Ghavami, Siavash and Adve, Raviraj S and Lahouti, Farshad},
  journal={IEEE Transactions on Molecular, Biological and Multi-Scale Communications},
  volume={1},
  number={3},
  pages={277--291},
  year={2015},
  publisher={IEEE}
}

@article{zhao2021release,
  title={Release rate optimization in molecular communication for local nanomachine-based targeted drug delivery},
  author={Zhao, Qingying and Li, Min and Lin, Lin},
  journal={IEEE Trans. Nanobioscience},
  volume={20},
  number={4},
  pages={396--405},
  year={2021},
  publisher={IEEE}
}

@article{rudsari2021targeted,
  title={Targeted drug delivery for cardiovascular disease: Modeling of modulated extracellular vesicle release rates},
  author={Rudsari, Hamid Khoshfekr and Veleti{\'c}, Mladen and Bergsland, Jacob and Balasingham, Ilangko},
  journal={IEEE Trans. Nanobioscience},
  volume={20},
  number={4},
  pages={444--454},
  year={2021},
  publisher={IEEE}
}