@article{itur,
  title={A Vision and An Evolutionary Framework for 6G: Scenarios, Capabilities and Enablers},
  author={Liu, Ruiqi and Li, Ruyue Yu-Ngok and Di Renzo, Marco and Hanzo, Lajos},
  journal={arXiv preprint arXiv:2305.13887},
  year={2023}
}

@ARTICLE{Marco,
  author={Liu, Ruiqi and Wu, Qingqing and Di Renzo, Marco and Yuan, Yifei},
  journal={IEEE Wireless Communications}, 
  title={A Path to Smart Radio Environments: An Industrial Viewpoint on Reconfigurable Intelligent Surfaces}, 
  year={2022},
  volume={29},
  number={1},
  pages={202-208},
  doi={10.1109/MWC.111.2100258}}


@ARTICLE{WuQ,
  author={Wu, Qingqing and Zhang, Rui},
  journal={IEEE Communications Magazine}, 
  title={Towards smart and reconfigurable environment: \uppercase{I}ntelligent reflecting surface aided wireless network}, 
  year={2020},
  volume={58},
  number={1},
  pages={106-112},
}

@article{rohit,
  title={Indexed Multiple Access with Reconfigurable Intelligent Surfaces: The Reflection Tuning Potential},
  author={Singh, Rohit and Kaushik, Aryan and Shin, Wonjae and Alexandropoulos, George C and Toka, Mesut and Di Renzo, Marco},
  journal={arXiv preprint arXiv:2302.07476},
  year={2023}
}

@article{holo,
  title={A vision of 6G wireless systems: Applications, trends, technologies, and open research problems},
  author={Saad, Walid and Bennis, Mehdi and Chen, Mingzhe},
  journal={IEEE network},
  volume={34},
  number={3},
  pages={134--142},
  year={2019},
  publisher={IEEE}
}


@article{tera,
  title={A tutorial on terahertz-band localization for 6G communication systems},
  author={Chen, Hui and Sarieddeen, Hadi and Ballal, Tarig and Wymeersch, Henk and Alouini, Mohamed-Slim and Al-Naffouri, Tareq Y},
  journal={IEEE Communications Surveys \& Tutorials},
  volume={24},
  number={3},
  pages={1780--1815},
  year={2022},
  publisher={IEEE}
}

@article{l1,
  title={A survey on fundamental limits of integrated sensing and communication},
  author={Liu, An and Huang, Zhe and Li, Min and Wan, Yubo and Li, Wenrui and Han, Tony Xiao and Liu, Chenchen and Du, Rui and Tan, Danny Kai Pin and Lu, Jianmin and others},
  journal={IEEE Communications Surveys \& Tutorials},
  volume={24},
  number={2},
  pages={994--1034},
  year={2022},
  publisher={IEEE}
}


@ARTICLE{ZhangActiveRIS,
  author={Zhang, Zijian and Dai, Linglong and Chen, Xibi and Liu, Changhao and Yang, Fan and Schober, Robert and Poor, H. Vincent},
  journal={IEEE Transactions on Communications}, 
  title={Active \uppercase{RIS} vs. passive \uppercase{RIS}: \uppercase{W}hich will prevail in \uppercase{6G}?}, 
  year={2023},
  volume={71},
  number={3},
  pages={1707-1725},
}

@ARTICLE{LiuYSTAR,
  author={Liu, Yuanwei and Mu, Xidong and Xu, Jiaqi and Schober, Robert and Hao, Yang and Poor, H. Vincent and Hanzo, Lajos},
  journal={IEEE Wireless Communications}, 
  title={\uppercase{STAR}: \uppercase{S}imultaneous transmission and reflection for 360° coverage by intelligent surfaces}, 
  year={2021},
  volume={28},
  number={6},
  pages={102-109},
}


@ARTICLE{KhaleelEMI,
author={Khaleel, Aymen and Basar, Ertugrul},
journal="", 
title={Electromagnetic interference cancellation for \uppercase{RIS}-assisted communications}, 
year={arXiv, 2023},
eprint={2304.04476},
url="https://arxiv.org/abs/2304.04476"
}



@ARTICLE{Tekbiyik,
  author={Tekbiyik, Kürşat and {Karabulut Kurt}, Güneş and Ekti, Ali Riza and Yanikomeroglu, Halim},
  journal={IEEE Vehicular Technology Magazine}, 
  title={Reconfigurable intelligent surfaces in action for nonterrestrial networks}, 
  year={2022},
  volume={17},
  number={3},
  pages={45-53},
}


@INPROCEEDINGS{Juhwan,
  author={Lee, Juhwan and Shin, Wonjae and Lee, Jungwoo},
  booktitle={2021 International Conference on Information and Communication Technology Convergence (ICTC)}, 
  title={Performance analysis of \uppercase{IRS}-assisted \uppercase{LEO} satellite communication systems}, 
  year={2021},
  volume={},
  number={},
  pages={323-325},
}


@ARTICLE{JiaShi,
  author={Shi, Jia and Li, Zan and Hu, Junfan and Tie, Zhuangzhuang and Li, Shuangyang and Liang, Wei and Ding, Zhiguo},
  journal={IEEE Network}, 
  title={\uppercase{OTFS} enabled \uppercase{LEO} satellite communications: \uppercase{A} promising solution to severe \uppercase{D}oppler effects}, 
  year={2023},
  volume={Early Access},
  number={},
  pages={1-7},
}

@ARTICLE{BasarRISDoppler,
  author={Basar, Ertugrul},
  journal={Frontiers in Communications and Networks}, 
  title={Reconfigurable intelligent surfaces for \uppercase{D}oppler effect and multipath fading mitigation}, 
  year={2021},
  volume={2},
  number={},
  pages={1-12},
}


@ARTICLE{MattBho,
  author={Matthiesen, Bho and Björnson, Emil and De Carvalho, Elisabeth and Popovski, Petar},
  journal={IEEE Wireless Communications Letters}, 
  title={Intelligent reflecting surface operation under predictable receiver mobility: \uppercase{A} continuous time propagation model}, 
  year={2021},
  volume={10},
  number={2},
  pages={216-220},
}

@article{AbdiA,
	title={A new simple model for land mobile satellite channels: first- and second-order statistics},
	author={Abdi, A. and Lau, W.C. and Alouini, M.-S. and Kaveh, M.},
	journal={IEEE Trans. Wirel. Commun.},
	volume={2},
	number={3},
	pages={519--528},
	month={},
	year={2003},
	publisher={IEEE}
}

@ARTICLE{BjornsonE,
  author={Björnson, Emil and Özdogan, Özgecan and Larsson, Erik G.},
  journal={IEEE Wireless Communications Letters}, 
  title={Intelligent reflecting surface versus decode-and-forward: \uppercase{H}ow large surfaces are needed to beat relaying?}, 
  year={2020},
  volume={9},
  number={2},
  pages={244-248},
}




@ARTICLE{TekbiyikK,
  author={Tekbiyik, Kürşat and Kurt, Güneş Karabulut and Ekti, Ali Riza and Yanikomeroglu, Halim},
  journal={IEEE Access}, 
  title={Reconfigurable intelligent surfaces empowered \uppercase{TH}z communication in \uppercase{LEO} satellite networks}, 
  year={2022},
  volume={10},
  number={},
  pages={121957-121969},
}


@ARTICLE{YeJia,
  author={Ye, Jia and Qiao, Jingping and Kammoun, Abla and Alouini, Mohamed-Slim},
  journal={Proceedings of the IEEE}, 
  title={Nonterrestrial communications assisted by reconfigurable intelligent surfaces}, 
  year={2022},
  volume={110},
  number={9},
  pages={1423-1465},
}





%%%% TEMPLATE %%%%%%%%%%%%%%




@inproceedings{HeY,
	title={Outage performance of millimeter-wave band \uppercase{NOMA} downlink system in satellite-based \uppercase{I}o\uppercase{T}},
	author={He, Y. and Jiao, J. and Liang, X. and Wu, S. and Wang, Y. and Zhang, Q.},
	booktitle={Proc. IEEE Int. Conf. Commun. China (ICCC)},
	pages={256--359},
	month={11--13 Aug.},
	year={2019},
	address={Changchun, China},
	organization={}
}





@techreport{3GPP,
	title={Solutions for \uppercase{NR} to support non-terrestrial networks \uppercase{NTN}},
	author={},
	institution = {3rd Generation Partnership Project (3GPP), Ad Hoc Meeting},
	number={TR-38.821},
	month={May},
	year={2021},
	address={Virtual},
}


@techreport{ITU,
	title={Calculation of free-space attenuation},
	author={},
	institution = {International Telecommunication Union (ITU, Radiowave Propagation)},
	number={ITU-R P.525-4},
	month={Aug.},
	year={2019},
	address={Geneva, Switzerland},
}

@INPROCEEDINGS{9593256,
  author={Nguyen, Nhan Thanh and Nguyen, Ly V. and Huynh-The, Thien and Nguyen, Duy H. N. and Lee Swindlehurst, A. and Juntti, Markku},
  booktitle={IEEE Int. Workshop Sig. Process. Advances Wireless Commun. (SPAWC)}, 
  title={Machine Learning-based Reconfigurable Intelligent Surface-aided \uppercase{MIMO} Systems}, 
  year={2021},
  volume={},
  number={},
  pages={101-105},
  doi={10.1109/SPAWC51858.2021.9593256}}



  @ARTICLE{9997576,
  author={Liu, Yu and Al-Nahhal, Ibrahim and Dobre, Octavia A. and Wang, Fanggang},
  journal={IEEE Transactions on Vehicular Technology}, 
  title={Deep-Learning Channel Estimation for IRS-Assisted Integrated Sensing and Communication System}, 
  year={2022},
  volume={},
  number={},
  pages={1-14},
  doi={10.1109/TVT.2022.3231727}}

  @ARTICLE{9857928,
  author={Le, Quang Nhat and Bariah, Lina and Dobre, Octavia A. and Muhaidat, Sami},
  journal={IEEE Communications Letters}, 
  title={Reconfigurable Intelligent Surface-Enabled Federated Learning for Power-Constrained Devices}, 
  year={2022},
  volume={26},
  number={11},
  pages={2725-2729},
  doi={10.1109/LCOMM.2022.3199168}}

  @ARTICLE{9810504,
  author={Nguyen, Minh-Hien T. and Garcia-Palacios, Emiliano and Do-Duy, Tan and Dobre, Octavia A. and Duong, Trung Q.},
  journal={IEEE Transactions on Cognitive Communications and Networking}, 
  title={UAV-Aided Aerial Reconfigurable Intelligent Surface Communications With Massive MIMO System}, 
  year={2022},
  volume={8},
  number={4},
  pages={1828-1838},
  doi={10.1109/TCCN.2022.3187098}}

  @INPROCEEDINGS{9814694,
  author={Shen, Wenhan and Qin, Zhijin and Nallanathan, Arumugam},
  booktitle={2022 IEEE International Conference on Communications Workshops (ICC Workshops)}, 
  title={Federated Learning Enabled Channel Estimation for RIS-Aided Multi-User Wireless Systems}, 
  year={2022},
  volume={},
  number={},
  pages={812-817},
  doi={10.1109/ICCWorkshops53468.2022.9814694}}

  @INPROCEEDINGS{9148776,
  author={Zeng, Tengchan and Semiari, Omid and Mozaffari, Mohammad and Chen, Mingzhe and Saad, Walid and Bennis, Mehdi},
  booktitle={ICC 2020 - 2020 IEEE International Conference on Communications (ICC)}, 
  title={Federated Learning in the Sky: Joint Power Allocation and Scheduling with UAV Swarms}, 
  year={2020},
  volume={},
  number={},
  pages={1-6},
  doi={10.1109/ICC40277.2020.9148776}}

  @ARTICLE{9626135,
  author={Ni, Wanli and Liu, Yuanwei and Yang, Zhaohui and Tian, Hui and Shen, Xuemin},
  journal={IEEE Internet of Things Journal}, 
  title={Federated Learning in Multi-RIS-Aided Systems}, 
  year={2022},
  volume={9},
  number={12},
  pages={9608-9624},
  doi={10.1109/JIOT.2021.3130444}}

  @ARTICLE{9136592,
  author={Huang, Chongwen and Hu, Sha and Alexandropoulos, George C. and Zappone, Alessio and Yuen, Chau and Zhang, Rui and Renzo, Marco Di and Debbah, Merouane},
  journal={IEEE Wireless Communications}, 
  title={Holographic \uppercase{MIMO} Surfaces for \uppercase{6G} Wireless Networks: Opportunities, Challenges, and Trends}, 
  year={2020},
  volume={27},
  number={5},
  pages={118-125},
  doi={10.1109/MWC.001.1900534}}

  @misc{singh2023indexed,
      title={Indexed Multiple Access with Reconfigurable Intelligent Surfaces: The Reflection Tuning Potential}, 
      author={Rohit Singh and Aryan Kaushik and Wonjae Shin and George C. Alexandropoulos and Mesut Toka and Marco Di Renzo},
      year={2023},
      pages={1-7},
      url          = {https://arxiv.org/abs/2302.07476},
      eprint={2302.07476},
      archivePrefix={arXiv},
      primaryClass={cs.IT}
}

@ARTICLE{9674029,
  author={Gao, Xiangqiang and Liu, Rongke and Kaushik, Aryan},
  journal={IEEE Transactions on Network and Service Management}, 
  title={Virtual Network Function Placement in Satellite Edge Computing With a Potential Game Approach}, 
  year={2022},
  volume={19},
  number={2},
  pages={1243-1259},
  doi={10.1109/TNSM.2022.3141165}}

  @ARTICLE{9736613,
  author={Gao, Xiangqiang and Liu, Rongke and Kaushik, Aryan and Zhang, Hangyu},
  journal={IEEE Transactions on Network Science and Engineering}, 
  title={Dynamic Resource Allocation for Virtual Network Function Placement in Satellite Edge Clouds}, 
  year={2022},
  volume={9},
  number={4},
  pages={2252-2265},
  doi={10.1109/TNSE.2022.3159796}}

  @ARTICLE{10032271,
  author={Zhang, Hangyu and Liu, Rongke and Kaushik, Aryan and Gao, Xiangqiang},
  journal={IEEE Internet of Things Journal}, 
  title={Satellite Edge Computing with Collaborative Computation Offloading: An Intelligent Deep Deterministic Policy Gradient Approach}, 
  year={2023},
  volume={},
  number={},
  pages={1-1},
  doi={10.1109/JIOT.2022.3233383}}

  @ARTICLE{10049431,
  author={Geng, Liwei and Zhao, Hongbo and Wang, Jiayue and Kaushik, Aryan and Yuan, Shuai and Feng, Wenquan},
  journal={IEEE Internet of Things Journal}, 
  title={Deep Reinforcement Learning Based Distributed Computation Offloading in Vehicular Edge Computing Networks}, 
  year={2023},
  volume={},
  number={},
  pages={1-1},
  doi={10.1109/JIOT.2023.3247013}}

  @ARTICLE{10102785,
  author={Hu, Yingmeng and Liu, Yan and Kaushik, Aryan and Masouros, Christos and Thompson, John},
  journal={IEEE Sensors Journal}, 
  title={Timely Data Collection for UAV-based IoT networks: A Deep Reinforcement Learning Approach}, 
  year={2023},
  volume={},
  number={},
  pages={1-13},
  doi={10.1109/JSEN.2023.3265935}}

  @ARTICLE{9520318,
  author={Cao, Xuelin and Yang, Bo and Huang, Chongwen and Yuen, Chau and Zhang, Yan and Niyato, Dusit and Han, Zhu},
  journal={IEEE Network}, 
  title={Converged Reconfigurable Intelligent Surface and Mobile Edge Computing for Space Information Networks}, 
  year={2021},
  volume={35},
  number={4},
  pages={42-48},
  doi={10.1109/MNET.011.2100049}}

  @ARTICLE{9133107,
  author={Bai, Tong and Pan, Cunhua and Deng, Yansha and Elkashlan, Maged and Nallanathan, Arumugam and Hanzo, Lajos},
  journal={IEEE Journal on Selected Areas in Communications}, 
  title={Latency Minimization for Intelligent Reflecting Surface Aided Mobile Edge Computing}, 
  year={2020},
  volume={38},
  number={11},
  pages={2666-2682},
  doi={10.1109/JSAC.2020.3007035}}

  @ARTICLE{10045774,
  author={Ning, Boyu and Tian, Zhongbao and Mei, Weidong and Chen, Zhi and Han, Chong and Li, Shaoqian and Yuan, Jinhong and Zhang, Rui},
  journal={IEEE Open Journal of the Communications Society}, 
  title={Beamforming Technologies for Ultra-Massive MIMO in Terahertz Communications}, 
  year={2023},
  volume={4},
  number={},
  pages={614-658},
  doi={10.1109/OJCOMS.2023.3245669}}

  @ARTICLE{9925133,
  author={Mizmizi, Marouan and Ayoubi, Reza Aghazadeh and Tagliaferri, Dario and Dong, Kai and Gentili, Gian Guido and Spagnolini, Umberto},
  journal={IEEE Transactions on Wireless Communications}, 
  title={Conformal Metasurfaces: A Novel Solution for Vehicular Communications}, 
  year={2023},
  volume={22},
  number={4},
  pages={2804-2817},
  doi={10.1109/TWC.2022.3213901}}
 @INPROCEEDINGS{7696210, 
	author={Fatimah Al-Ogaili and Raed M. Shubair}, 
	booktitle={IEEE International Symposium on Antennas and Propagation (APSURSI)}, 
	title={Millimeter-wave mobile communications for {5G}: Challenges and opportunities}, 
	year={2016},
	doi={10.1109/APS.2016.7696210},
	month={June},
	address={ Fajardo, PR, USA}
}

@ARTICLE{2019.04.014,
	author = {Kürşat Tekbıyık and Ali Rıza Ekti and Güneş Karabulut Kurt and Ali Görçin},
	title = {Terahertz band communication systems: Challenges, novelties and standardization efforts},
	journal = {Physical Communication},
	volume = {35},
	year = {2019},
	doi={10.1016/j.phycom.2019.04.014},
	ISSN={1874-4907},
	pages = {100700}
}

@ARTICLE{2921208,
	author = {Zhengquan Zhang and Yue Xiao and Zheng Ma and Ming Xiao and Zhiguo Ding and Xianfu Lei and George K. Karagiannidis and Pingzhi Fan},
	title = {{6G} Wireless Networks: Vision, Requirements, Architecture, and Key Technologies}, 
	journal={ IEEE Vehicular Technology Magazine}, 
	year = {2019},
	volume = {14},
	number = {3},
	month = {July},
	doi={10.1109/MVT.2019.2921208},
	ISSN={1556-6080},
	pages = {28 - 41}
}

@INPROCEEDINGS{7925924, 
	author={R. Hadani and S. Rakib and M. Tsatsanis and A. Monk and A. J. Goldsmith and A. F. Molisch and R. Calderbank}, 
	booktitle={IEEE Wireless Communications and Networking Conference (WCNC)}, 
	title={Orthogonal Time Frequency Space Modulation}, 
	year={2017},
	doi={10.1109/WCNC.2017.7925924},
	month={March},
	address={San Francisco, CA, USA}
}

@ARTICLE{2000408,
	author = {Zhiqiang Wei and Weijie Yuan and Shuangyang Li and Jinhong Yuan and Ganesh Bharatula and Ronny Hadani and Lajos Hanzo},
	title = {Orthogonal Time-Frequency Space Modulation: A Promising Next-Generation Waveform}, 
	journal={  IEEE Wireless Communications}, 
	year = {2021},
	volume = {28},
	number = {4},
	month = {August},
	doi={10.1109/MWC.001.2000408},
	ISSN={ 1558-0687},
	pages = {136 - 144}
}

@ARTICLE{3209651,
	author = {Weijie Yuan and Zhiqiang Wei and Shuangyang Li and Robert Schober and Giuseppe Caire},
	title = {Orthogonal Time Frequency Space Modulation – {P}art
	{III}: {ISAC} and Potential Applications}, 
	journal={ IEEE Communications Letters}, 
	year = {2022},
	volume = {27},
	number = {1},
	month = {September},
	doi={10.1109/LCOMM.2022.3209651},
	ISSN={1558-2558},
	pages = {14 - 18}
}

@article{sec,
  title={Toward multi-functional 6G wireless networks: Integrating sensing, communication, and security},
  author={Wei, Zhongxiang and Liu, Fan and Masouros, Christos and Su, Nanchi and Petropulu, Athina P},
  journal={IEEE Communications Magazine},
  volume={60},
  number={4},
  pages={65--71},
  year={2022},
  publisher={IEEE}
}

@article{eMIMO,
  title={Optimal design of energy-efficient multi-user MIMO systems: Is massive MIMO the answer?},
  author={Bj{\"o}rnson, Emil and Sanguinetti, Luca and Hoydis, Jakob and Debbah, M{\'e}rouane},
  journal={IEEE Transactions on wireless communications},
  volume={14},
  number={6},
  pages={3059--3075},
  year={2015},
  publisher={IEEE}
}

@ARTICLE{3069913,
	author = {Saif Khan Mohammed},
	title = {Derivation of {OTFS} Modulation From First Principles}, 
	journal={ IEEE Transactions on Vehicular Technology}, 
	year = {2021},
	volume = {70},
	number = {8},
	month = {March},
	doi={10.1109/TVT.2021.3069913},
	ISSN={1939-9359},
	pages = {7619 - 7636}
}

@ARTICLE{2998583,
	author = {Lorenzo Gaudio and Mari Kobayashi and Giuseppe Caire and Giulio Colavolpe},
	title = {On the Effectiveness of {OTFS} for Joint Radar Parameter Estimation and Communication},
	journal = { IEEE Transactions on Wireless Communications},
	year = {2020},
	volume = {19},
	number = {9},
	month = {September},
	doi={10.1109/TWC.2020.2998583},
	ISSN={1558-2248},
	pages = {5951 - 5965}
}

@INPROCEEDINGS{9420020, 
	author={Weijie Yuan and Shuangyang Li and Zhiqiang Wei and Jinhong Yuan and Derrick Wing Kwan Ng}, 
	booktitle={2021 IEEE Wireless Communications and Networking Conference Workshops (WCNC Workshops)}, 
	title={Bypassing Channel Estimation for {OTFS} Transmission: An Integrated Sensing and Communication Solution}, 
	year={2021},
	doi={10.1109/WCNCW49093.2021.9420020},
	month={March},
	address={Nanjing, China}
}

@ARTICLE{3117404,
	author = {Weijie Yuan and Zhiqiang Wei and Shuangyang Li and Jinhong Yuan and Derrick Wing},
	title = {Integrated Sensing and Communication-Assisted Orthogonal Time Frequency Space Transmission for Vehicular Networks}, 
	journal={ IEEE Journal of Selected Topics in Signal Processing }, 
	year = {2021},
	volume = {15},
	number = {6},
	month = {November},
	doi={10.1109/JSTSP.2021.3117404},
	ISSN={1941-0484},
	pages = {1515 - 1528}
}

@ARTICLE{3071493,
	author = {Shuangyang Li and Jinhong Yuan and Weijie Yuan and Zhiqiang Wei and Baoming Bai and and Derrick Wing Kwan Ng},
	title = {Performance Analysis of Coded {OTFS} Systems Over High-Mobility Channels}, 
	journal={ IEEE Transactions on Wireless Communications}, 
	year = {2021},
	volume = {20},
	number = {9},
	month = {April},
	doi={10.1109/TWC.2021.3071493},
	ISSN={1558-2248},
	pages = {6033 - 6048}
}

@INPROCEEDINGS{9473601, 
	author={Haojian Zhang and Tingting Zhang and Yuan Shen}, 
	booktitle={IEEE International Conference on Communications Workshops (ICC Workshops)}, 
	title={Modulation Symbol Cancellation for {OTFS}-Based Joint Radar and Communication}, 
	year={2021},
	doi={ 10.1109/ICCWorkshops50388.2021.9473601},
	month={June},
	address={Montreal, QC, Canada}
}

@INPROCEEDINGS{9904977, 
	author={Pavel Karpovich and Tomasz P. Zielinski}, 
	booktitle={International Radar Symposium (IRS)}, 
	title={Random-Padded {OTFS} Modulation for Joint Communication and Radar/Sensing Systems}, 
	year={2022},
	doi={ 10.23919/IRS54158.2022.9904977},
	month={September},
	address={Gdansk, Poland}
}

@article{han2013joint,
  title={Joint wireless communication and radar sensing systems--state of the art and future prospects},
  author={Han, Liang and Wu, Ke},
  journal={IET Microwaves, Antennas \& Propagation},
  volume={7},
  number={11},
  pages={876--885},
  year={2013},
  publisher={Wiley Online Library}
}

@article{park2023rate,
  title={Rate-Splitting Multiple Access for 6G Networks: Ten Promising Scenarios and Applications},
  author={Park, Jeonghun and Lee, Byungju and Choi, Jinseok and Lee, Hoon and Lee, Namyoon and Park, Seok-Hwan and Lee, Kyoung-Jae and Choi, Junil and Chae, Sung Ho and Jeon, Sang-Woon and others},
  journal={arXiv preprint arXiv:2306.12978},
  year={2023}
}

@Book{0471663085,
	author    = {Nadav Levanon and Eli Mozeson},
	title     = {Radar Signals},
	publisher = {Wiley Online Library},
	address   = {},
	year      = {2004},
	doi		  = {10.1002/0471663085}
}

@INPROCEEDINGS{7507195, 
	author={Kaoutar Farnane and Khalid Minaoui and Awatif Rouijel and Driss Aboutajdine}, 
	booktitle={2015 IEEE/ACS 12th International Conference of Computer Systems and Applications (AICCSA)}, 
	title={Analysis of the ambiguity function for phase-coded waveforms}, 
	year={2015},
	doi={10.1109/AICCSA.2015.7507195},
	month={November},
	address={Marrakech, Morocco}
}

@INPROCEEDINGS{9129380, 
	author={Yu Liang and Lingjun Li and Pingzhi Fan and Yongliang Guan}, 
	booktitle={2020 IEEE 91st Vehicular Technology Conference (VTC2020-Spring)}, 
	title={{D}oppler Resilient Orthogonal Time-Frequency Space ({OTFS}) Systems Based on Index Modulation}, 
	year={2020},
	doi={10.1109/VTC2020-Spring48590.2020.9129380},
	month={May},
	address={Antwerp, Belgium}
}

@INPROCEEDINGS{9904976, 
	author={Matthias Weiß}, 
	booktitle={International Radar Symposium (IRS)}, 
	title={A Novel Waveform for a Joint Radar and Communication System}, 
	year={2022},
	doi={10.23919/IRS54158.2022.9904976},
	month={September},
	address={Gdansk, Poland}
}

@article{liu2022integrated,
  title={Integrated sensing and communications: Toward dual-functional wireless networks for 6G and beyond},
  author={Liu, Fan and Cui, Yuanhao and Masouros, Christos and Xu, Jie and Han, Tony Xiao and Eldar, Yonina C and Buzzi, Stefano},
  journal={IEEE journal on selected areas in communications},
  volume={40},
  number={6},
  pages={1728--1767},
  year={2022},
  publisher={IEEE}
}

@article{you2022beam,
  title={Beam squint-aware integrated sensing and communications for hybrid massive MIMO LEO satellite systems},
  author={You, Li and Qiang, Xiaoyu and Tsinos, Christos G and Liu, Fan and Wang, Wenjin and Gao, Xiqi and Ottersten, Bj{\"o}rn},
  journal={IEEE Journal on Selected Areas in Communications},
  volume={40},
  number={10},
  pages={2994--3009},
  year={2022},
  publisher={IEEE}
}

@article{he2023full,
  title={Full-duplex communication for ISAC: Joint beamforming and power optimization},
  author={He, Zhenyao and Xu, Wei and Shen, Hong and Ng, Derrick Wing Kwan and Eldar, Yonina C and You, Xiaohu},
  journal={IEEE Journal on Selected Areas in Communications},
  year={2023},
  publisher={IEEE}
}

@article{liu2018mu,
  title={MU-MIMO communications with MIMO radar: From co-existence to joint transmission},
  author={Liu, Fan and Masouros, Christos and Li, Ang and Sun, Huafei and Hanzo, Lajos},
  journal={IEEE Transactions on Wireless Communications},
  volume={17},
  number={4},
  pages={2755--2770},
  year={2018},
  publisher={IEEE}
}

@article{yin2022rate,
  title={Rate-splitting multiple access for 6G—Part II: Interplay with integrated sensing and communications},
  author={Yin, Longfei and Mao, Yijie and Dizdar, Onur and Clerckx, Bruno},
  journal={IEEE Communications Letters},
  volume={26},
  number={10},
  pages={2237--2241},
  year={2022},
  publisher={IEEE}
}

@article{xu2021rate,
  title={Rate-splitting multiple access for multi-antenna joint radar and communications},
  author={Xu, Chengcheng and Clerckx, Bruno and Chen, Shiwa and Mao, Yijie and Zhang, Jianyun},
  journal={IEEE Journal of Selected Topics in Signal Processing},
  volume={15},
  number={6},
  pages={1332--1347},
  year={2021},
  publisher={IEEE}
}

@article{chang2022integrated,
  title={Integrated scheduling of sensing, communication, and control for mmWave/THz communications in cellular connected UAV networks},
  author={Chang, Bo and Tang, Wei and Yan, Xiaoyu and Tong, Xin and Chen, Zhi},
  journal={IEEE Journal on Selected Areas in Communications},
  volume={40},
  number={7},
  pages={2103--2113},
  year={2022},
  publisher={IEEE}
}

@article{liu2020joint,
  title={Joint radar and communication design: Applications, state-of-the-art, and the road ahead},
  author={Liu, Fan and Masouros, Christos and Petropulu, Athina P and Griffiths, Hugh and Hanzo, Lajos},
  journal={IEEE Transactions on Communications},
  volume={68},
  number={6},
  pages={3834--3862},
  year={2020},
  publisher={IEEE}
}

@article{ma2020joint,
  title={Joint radar-communication strategies for autonomous vehicles: Combining two key automotive technologies},
  author={Ma, Dingyou and Shlezinger, Nir and Huang, Tianyao and Liu, Yimin and Eldar, Yonina C},
  journal={IEEE signal processing magazine},
  volume={37},
  number={4},
  pages={85--97},
  year={2020},
  publisher={IEEE}
}

@article{zhang2021overview,
  title={An overview of signal processing techniques for joint communication and radar sensing},
  author={Zhang, J Andrew and Liu, Fan and Masouros, Christos and Heath, Robert W and Feng, Zhiyong and Zheng, Le and Petropulu, Athina},
  journal={IEEE Journal of Selected Topics in Signal Processing},
  volume={15},
  number={6},
  pages={1295--1315},
  year={2021},
  publisher={IEEE}
}

@article{gao2023cooperative,
  title={Cooperative ISAC With Direct Localization and Rate-Splitting Multiple Access Communication: A Pareto Optimization Framework},
  author={Gao, Peng and Lian, Lixiang and Yu, Jinpei},
  journal={IEEE Journal on Selected Areas in Communications},
  volume={41},
  number={5},
  pages={1496--1515},
  year={2023},
  publisher={IEEE}
}

@article{David2022,
  title={A survey on 5G radio access network energy efficiency: Massive MIMO, lean carrier design, sleep modes, and machine learning},
  author={L´opez-P´erez, David and De Domenico, Antonio and Piovesan, Nicola and Xinli, G and Bao, H and Qitao, S. and Debbah, M.},
  journal={IEEE Communications Surveys Tutorials},
  volume={24},
  number={1},
  pages={653--697},
  year={2022},
}

