@article{DBLP:journals/tcom/WuZZYZ21,
  author    = {Qingqing Wu and
               Shuowen Zhang and
               Beixiong Zheng and
               Changsheng You and
               Rui Zhang},
  title     = {Intelligent Reflecting Surface-Aided Wireless Communications: {A}
               Tutorial},
  journal   = {{IEEE} Trans. Commun.},
  volume    = {69},
  number    = {5},
  pages     = {3313--3351},
  year      = {2021},
  month      = {May.},
}


@article{DBLP:journals/network/SaadBC20,
  author    = {Walid Saad and
               Mehdi Bennis and
               Mingzhe Chen},
  title     = {A Vision of 6G Wireless Systems: Applications, Trends, Technologies,
               and Open Research Problems},
  journal   = {{IEEE} Netw.},
  volume    = {34},
  number    = {3},
  pages     = {134--142},
  year      = {2020},
 month     = {May.},
}




@article{DBLP:journals/twc/TangCCDHRZJCC21,
  author    = {Wankai Tang and
               Ming Zheng Chen and
               Xiangyu Chen and
               Jun Yan Dai and
               Yu Han and
               Marco Di Renzo and
               Yong Zeng and
               Shi Jin and
               Qiang Cheng and
               Tie Jun Cui},
  title     = {Wireless Communications With Reconfigurable Intelligent Surface: Path
               Loss Modeling and Experimental Measurement},
  journal   = {{IEEE} Trans. Wirel. Commun.},
  volume    = {20},
  number    = {1},
  pages     = {421--439},
  year      = {2021},
 month     = {Jan.},
}



@article{DBLP:journals/cm/GiordaniMZ16,
  author    = {Marco Giordani and
               Marco Mezzavilla and
               Michele Zorzi},
  title     = {Initial Access in {5G} {mmWave} Cellular Networks},
  journal   = {{IEEE} Commun. Mag.},
  volume    = {54},
  number    = {11},
  pages     = {40--47},
  year      = {2016},
 month     = {Nov.},
}




@article{DBLP:journals/corr/abs-1711-05456,
  author    = {Hossein Soleimani and
               Ra{\'{u}}l Parada and
               Stefano Tomasin and
               Michele Zorzi},
  title     = {Statistical Approaches for Initial Access in {mmWave} {5G} Systems},
  journal   = {CoRR},
  volume    = {abs/1711.05456},
  year      = {2017},
 month     = {Jun.},
}


@article{DBLP:journals/twc/LiuLCHW17,
  author    = {Chunshan Liu and
               Min Li and
               Iain B. Collings and
               Stephen V. Hanly and
               Philip Whiting},
  title     = {Design and Analysis of Transmit Beamforming for Millimeter Wave Base
               Station Discovery},
  journal   = {{IEEE} Trans. Wirel. Commun.},
  volume    = {16},
  number    = {2},
  pages     = {797--811},
  year      = {2017},
 month     = {Feb.},
}




@article{DBLP:journals/icl/AbdelreheemME18,
  author    = {Ahmed Abdelreheem and
               Ehab Mahmoud Mohamed and
               Hamada Esmaiel},
  title     = {Location-Based Millimeter Wave Multi-Level Beamforming Using Compressive
               Sensing},
  journal   = {{IEEE} Commun. Lett.},
  volume    = {22},
  number    = {1},
  pages     = {185--188},
  year      = {2018},
 month     = {Oct.},
}





@inproceedings{DBLP:conf/eucnc/AbbasZ16,
  author    = {Waqas bin Abbas and
               Michele Zorzi},
  title     = {Context information based initial cell search for millimeter wave
               {5G} cellular networks},
  booktitle = {European Conference on Networks and Communications, IEEE },
  pages     = {111--116},

  year      = {2016},
 month     = {Jun.},
}




@article{DBLP:journals/tmc/FilippiniSDC18,
  author    = {Ilario Filippini and
               Vincenzo Sciancalepore and
               Francesco Devoti and
               Antonio Capone},
  title     = {Fast Cell Discovery in mm-{Wave} {5G} Networks with Context Information},
  journal   = {{IEEE} Trans. Mob. Comput.},
  volume    = {17},
  number    = {7},
  pages     = {1538--1552},
  year      = {2018},
 month     = {Jul.},
}



@article{DBLP:journals/access/DevotiFC16,
  author    = {Francesco Devoti and
               Ilario Filippini and
               Antonio Capone},
  title     = {Facing the Millimeter-Wave Cell Discovery Challenge in {5G} Networks
               With Context-Awareness},
  journal   = {{IEEE} Access},
  volume    = {4},
  pages     = {8019--8034},
  year      = {2016},
 month     = {Nov.},
}



@article{DBLP:journals/icl/JamaliNSP21,
  author    = {Vahid Jamali and
               Marzieh Najafi and
               Robert Schober and
               H. Vincent Poor},
  title     = {Power Efficiency, Overhead, and Complexity Tradeoff of {IRS} Codebook
               Design - Quadratic Phase-Shift Profile},
  journal   = {{IEEE} Commun. Lett.},
  volume    = {25},
  number    = {6},
  pages     = {2048--2052},
  year      = {2021},
 month     = {Feb.},
}



@article{DBLP:journals/tvt/SoutoSU019,
  author    = {Victoria Dala Pegorara Souto and
               Richard Demo Souza and
               Bartolomeu Ferreira Uch{\^{o}}a Filho and
               Yonghui Li},
  title     = {A Novel Efficient Initial Access Method for {5G} Millimeter Wave Communications
               Using Genetic Algorithm},
  journal   = {{IEEE} Trans. Veh. Technol.},
  volume    = {68},
  number    = {10},
  pages     = {9908--9919},
  year      = {2019},
 month     = {Aug.},
}


@inproceedings{DBLP:conf/wcnc/WeiLW17,
  author    = {Lili Wei and
               Qian (Clara) Li and
               Geng Wu},
  title     = {Exhaustive, Iterative and Hybrid Initial Access Techniques in {mmWave}
               Communications},
  booktitle = {Proc. {IEEE} {WCNC}
               },
  pages     = {1--6},
  year      = {2017},
 month     = {Mar.},
}



@article{DBLP:journals/twc/XiaoHXX16,
  author    = {Zhenyu Xiao and
               Tong He and
               Pengfei Xia and
               Xiang{-}Gen Xia},
  title     = {Hierarchical Codebook Design for Beamforming Training in Millimeter-Wave
               Communication},
  journal   = {{IEEE} Trans. Wirel. Commun.},
  volume    = {15},
  number    = {5},
  pages     = {3380--3392},
  year      = {2016},
 month     = {May.},
}




@article{DBLP:journals/jsac/SohrabiCY21,
  author    = {Foad Sohrabi and
               Zhilin Chen and
               Wei Yu},
  title     = {Deep Active Learning Approach to Adaptive Beamforming for {mmWave} Initial
               Alignment},
  journal   = {{IEEE} J. Sel. Areas Commun.},
  volume    = {39},
  number    = {8},
  pages     = {2347--2360},
  year      = {2021},
 month     = {Aug.},
}




@article{DBLP:journals/wcl/CaiYYHLZ21,
  author    = {Chang Cai and
               Xiaojun Yuan and
               Wenjing Yan and
               Zhouyang Huang and
               Ying{-}Chang Liang and
               Wei Zhang},
  title     = {Hierarchical Passive Beamforming for Reconfigurable Intelligent Surface
               Aided Communications},
  journal   = {{IEEE} Wirel. Commun. Lett.},
  volume    = {10},
  number    = {9},
  pages     = {1909--1913},
  year      = {2021},
 month     = {Sep.},
}



@article{DBLP:journals/tvt/NingCCDF21,
  author    = {Boyu Ning and
               Zhi Chen and
               Wenrong Chen and
               Yiming Du and
               Jun Fang},
  title     = {Terahertz Multi-User Massive {MIMO} With Intelligent Reflecting Surface:
               Beam Training and Hybrid Beamforming},
  journal   = {{IEEE} Trans. Veh. Technol.},
  volume    = {70},
  number    = {2},
  pages     = {1376--1393},
  year      = {2021},
 month     = {Feb.},
}




@inproceedings{DBLP:conf/icc/Zhang022a,
  author    = {Mingchen Zhang and
               Xiaojun Yuan},
  title     = {{IRS}-Aided {MIMO} with Cascaded LoS Links: Channel Modelling and Full
               Multiplexing Region},
  booktitle = {Proc. IEEE {ICC}},
  pages     = {2041--2046},

  year      = {2022},
 month     = {May.},
}

@inproceedings{DBLP:conf/wowmom/DevotiFC18,
  author    = {Francesco Devoti and
               Ilario Filippini and
               Antonio Capone},
  title     = {MM-wave Initial Access: {A} Context Information Overview},
  booktitle = {Proc. {IEEE} WoWMoM },
  pages     = {1--9},

  year      = {2018},
 month     = {Jun.},
}


@inproceedings{DBLP:conf/wcnc/ChenCW18,
  author    = {Yu{-}Jia Chen and
               Wei{-}Yuan Cheng and
               Li{-}Chun Wang},
  title     = {Learning-assisted beam search for indoor {mmWave} networks},
  booktitle = {Proc. IEEE {WCNC}},
  pages     = {320--325},

  year      = {2018},
 month     = {May.},
}


@article{DBLP:journals/access/AlkhateebAVLQT18,
  author    = {Ahmed Alkhateeb and
               Sam Alex and
               Paul Varkey and
               Ying Li and
               Qi Qu and
               Djordje Tujkovic},
  title     = {Deep Learning Coordinated Beamforming for Highly-Mobile Millimeter
               Wave Systems},
  journal   = {{IEEE} Access},
  volume    = {6},
  pages     = {37328--37348},
  year      = {2018},
 month     = {Jun.},
}

@inproceedings{DBLP:conf/pimrc/GuoMS17,
  author    = {Hao Guo and
               Behrooz Makki and
               Tommy Svensson},
  title     = {A comparison of beam refinement algorithms for millimeter wave initial
               access},
  booktitle = {Proc. IEEE {PIMRC}},
  pages     = {1--7},

  year      = {2017},
 month     = {Oct.},
}


@article{DBLP:journals/tvt/GaoDYW16,
  author    = {Xinyu Gao and
               Linglong Dai and
               Chau Yuen and
               Zhaocheng Wang},
  title     = {Turbo-Like Beamforming Based on Tabu Search Algorithm for Millimeter-Wave
               Massive {MIMO} Systems},
  journal   = {{IEEE} Trans. Veh. Technol.},
  volume    = {65},
  number    = {7},
  pages     = {5731--5737},
  year      = {2016},
 month     = {Jul.},
}


@inproceedings{DBLP:conf/wiopt/GuoMS17,
  author    = {Hao Guo and
               Behrooz Makki and
               Tommy Svensson},
  title     = {A genetic algorithm-based beamforming approach for delay-constrained
               networks},
  booktitle = {Proc. IEEE {WiOpt}},
  pages     = {1--7},

  year      = {2017},
 month     = {Jul.},
}

@article{DBLP:journals/wicomm/GuoMS18,
  author    ={ {Hao Guo and
               Behrooz Makki and
               Tommy Svensson}},
  title     = {Genetic Algorithm-Based Beam Refinement for Initial Access in Millimeter
               Wave Mobile Networks},
  journal   = {Wirel. Commun. Mob. Comput.},
  volume    = {2018},
  pages     = {5817120:1--5817120:10},
  year      = {2018},
 month     = {May.},
}


@inproceedings{DBLP:conf/sigcomm/HassaniehARAKI18,
  author    = {Haitham Hassanieh and
               Omid Abari and
               Michael Rodriguez and
               Mohammed A. Abdelghany and
               Dina Katabi and
               Piotr Indyk},
  title     = {Fast millimeter wave beam alignment},
  booktitle = {Proc. {ACM}  {SIGCOMM} },
  pages     = {432--445},

  year      = {2018},
 month     = {Aug.},
}



@article{DBLP:journals/jsac/YouZZ20,
  author    = {Changsheng You and
               Beixiong Zheng and
               Rui Zhang},
  title     = {Channel Estimation and Passive Beamforming for Intelligent Reflecting
               Surface: Discrete Phase Shift and Progressive Refinement},
  journal   = {{IEEE} J. Sel. Areas Commun.},
  volume    = {38},
  number    = {11},
  pages     = {2604--2620},
  year      = {2020},
 month     = {Jul.},
}


@article{DBLP:journals/twc/Papazafeiropoulos22,
  author    = {Anastasios K. Papazafeiropoulos and
               Cunhua Pan and
               Pandelis Kourtessis and
               Symeon Chatzinotas and
               John M. Senior},
  title     = {Intelligent Reflecting Surface-Assisted {MU-MISO} Systems With Imperfect
               Hardware: Channel Estimation and Beamforming Design},
  journal   = {{IEEE} Trans. Wirel. Commun.},
  volume    = {21},
  number    = {3},
  pages     = {2077--2092},
  year      = {2022},
 month     = {Sep.},
}


@inproceedings{DBLP:conf/ncc/JainRKS22,
  author    = {Adit Jain and
               D. Rahul and
               Salil Kashyap and
               Rimalapudi Sarvendranath},
  title     = {Low Complexity Passive Beamforming Algorithms for Intelligent Reflecting
               Surfaces with Discrete Phase-Shifts over {OFDM} Systems},
  booktitle = {Proc. IEEE {NCC}},
  pages     = {160--165},

  year      = {2022},
 month     = {May.},
}



@inproceedings{DBLP:conf/iccchina/LuLDFHG21,
  author    = {Wei Lu and
               Wei Liu and
               Bin Deng and
               Qiqing Fang and
               Yamin Hu and
               Chenggang Gu},
  title     = {Intelligent Reflecting Surface Deployment in Cooperative Radar Communication
               System},
  booktitle = {Proc. IEEE {ICCC} },
  pages     = {48--53},

  year      = {2021},
 month     = {Jul.},
}

@article{DBLP:journals/twc/ZhengYZ20,
  author    = {Beixiong Zheng and
               Changsheng You and
               Rui Zhang},
  title     = {Intelligent Reflecting Surface Assisted Multi-User {OFDMA:} Channel
               Estimation and Training Design},
  journal   = {{IEEE} Trans. Wirel. Commun.},
  volume    = {19},
  number    = {12},
  pages     = {8315--8329},
  year      = {2020},
 month     = {Sep.},
}

@article{DBLP:journals/wcl/ZhengZ20,
  author    = {Beixiong Zheng and
               Rui Zhang},
  title     = {Intelligent Reflecting Surface-Enhanced {OFDM:} Channel Estimation
               and Reflection Optimization},
  journal   = {{IEEE} Wirel. Commun. Lett.},
  volume    = {9},
  number    = {4},
  pages     = {518--522},
  year      = {2020},
 month     = {Dec.},
}





@inproceedings{DBLP:conf/spawc/RenzoDXRT20,
  author    = {Marco Di Renzo and
               Fadil Habibi Danufane and
               Xiaojun Xi and
               Julien de Rosny and
               Sergei A. Tretyakov},
  title     = {Analytical Modeling of the Path-Loss for Reconfigurable Intelligent
               Surfaces - Anomalous Mirror or Scatterer ?},
  booktitle = {Proc. IEEE {SPAWC}},
  pages     = {1--5},

  year      = {2020},
 month     = {May.},
}


@article{DBLP:journals/twc/PerovicTRF21,
  author    = {Nemanja Stefan Perovic and
               Le{-}Nam Tran and
               Marco Di Renzo and
               Mark F. Flanagan},
  title     = {Achievable Rate Optimization for {MIMO} Systems With Reconfigurable
               Intelligent Surfaces},
  journal   = {{IEEE} Trans. Wirel. Commun.},
  volume    = {20},
  number    = {6},
  pages     = {3865--3882},
  year      = {2021},
 month     = {Feb.},
}



@article{DBLP:journals/tcom/WangLJYW21,
  author    = {Jun Wang and
               Ying{-}Chang Liang and
               Jingon Joung and
               Xiaojun Yuan and
               Xinguo Wang},
  title     = {Joint Beamforming and Reconfigurable Intelligent Surface Design for
               Two-Way Relay Networks},
  journal   = {{IEEE} Trans. Commun.},
  volume    = {69},
  number    = {8},
  pages     = {5620--5633},
  year      = {2021},
 month     = {May.},
}


@article{DBLP:journals/wcl/ZhiPRW21a,
  author    = {Kangda Zhi and
               Cunhua Pan and
               Hong Ren and
               Kezhi Wang},
  title     = {Statistical CSI-Based Design for Reconfigurable Intelligent Surface-Aided
               Massive {MIMO} Systems With Direct Links},
  journal   = {{IEEE} Wirel. Commun. Lett.},
  volume    = {10},
  number    = {5},
  pages     = {1128--1132},
  year      = {2021},
 month     = {Feb.},
}


@article{DBLP:journals/icl/OmidSPDN22,
  author    = {Yasaman Omid and
               Seyyed MohammadMahdi Shahabi and
               Cunhua Pan and
               Yansha Deng and
               Arumugam Nallanathan},
  title     = {A Trellis-Based Passive Beamforming Design for an Intelligent Reflecting
               Surface-Aided {MISO} System},
  journal   = {{IEEE} Commun. Lett.},
  volume    = {26},
  number    = {5},
  pages     = {1071--1075},
  year      = {2022},
 month     = {Mar.},
}

@article{DBLP:journals/icl/Zhang0Z020,
  author    = {Jiezhi Zhang and
               Yu Zhang and
               Caijun Zhong and
               Zhaoyang Zhang},
  title     = {Robust Design for Intelligent Reflecting Surfaces Assisted {MISO}
               Systems},
  journal   = {{IEEE} Commun. Lett.},
  volume    = {24},
  number    = {10},
  pages     = {2353--2357},
  year      = {2020},
 month     = {Jun.},
}

@article{DBLP:journals/jsac/YanYHK20,
  author    = {Wenjing Yan and
               Xiaojun Yuan and
               Zhen{-}Qing He and
               Xiaoyan Kuai},
  title     = {Passive Beamforming and Information Transfer Design for Reconfigurable
               Intelligent Surfaces Aided Multiuser {MIMO} Systems},
  journal   = {{IEEE} J. Sel. Areas Commun.},
  volume    = {38},
  number    = {8},
  pages     = {1793--1808},
  year      = {2020},
 month     = {Jun.},
}






@article{DBLP:journals/tit/Chu72,
  author    = {David C. Chu},
  title     = {Polyphase codes with good periodic correlation properties},
  journal   = {{IEEE} Trans. Inf. Theory.},
  volume    = {18},
  number    = {4},
  pages     = {531–532},
  year      = {1972},
 month     = {Jul.},
}


@article{DBLP:journals/icl/PengT18,
  author       = {Rui Peng and
                  Yafei Tian},
  title        = {Robust Wide-Beam Analog Beamforming With Inaccurate Channel Angular Information},
  journal      = {{IEEE} Commun. Lett.},
  volume       = {22},
  number       = {3},
  pages        = {638--641},
  year         = {2018},
  month     = {March.},
}


@article{DBLP:journals/wcl/FanZH19,
  author       = {Wenzhe Fan and
                  Cheng Zhang and
                  Yongming Huang},
  title        = {Flat Beam Design for Massive {MIMO} Systems via Riemannian Optimization},
  journal      = {{IEEE} Wirel. Commun. Lett.},
  volume       = {8},
  number       = {1},
  pages        = {301--304},
  year         = {2019},
  month     = {September.},
}

@article{DBLP:journals/wcl/MaZZ22,
  author       = {Wenyan Ma and
                  Lipeng Zhu and
                  Rui Zhang},
  title        = {Passive Beamforming for 3-D Coverage in IRS-Assisted Communications},
  journal      = {{IEEE} Wirel. Commun. Lett.},
  volume       = {11},
  number       = {8},
  pages        = {1763--1767},
  year         = {2022},
  month     = {June.},
}




@article{DBLP:journals/wcl/YouZZ20,
  author       = {Changsheng You and
                  Beixiong Zheng and
                  Rui Zhang},
  title        = {Fast Beam Training for IRS-Assisted Multiuser Communications},
  journal      = {{IEEE} Wirel. Commun. Lett.},
  volume       = {9},
  number       = {11},
  pages        = {1845--1849},
  year         = {2020},
  month     = {June.},
}

@article{DBLP:journals/wcl/MeiZ21,
  author       = {Weidong Mei and
                  Rui Zhang},
  title        = {Distributed Beam Training for Intelligent Reflecting Surface Enabled
                  Multi-Hop Routing},
  journal      = {{IEEE} Wirel. Commun. Lett.},
  volume       = {10},
  number       = {11},
  pages        = {2489--2493},
  year         = {2021},
  month     = {August.},
}


@article{DBLP:journals/icl/SinghK22,
  author       = {Rohit Singh and
                  Brijesh Kumbhani},
  title        = {How to Train Intelligent Reflecting Surfaces?},
  journal      = {{IEEE} Commun. Lett.},
  volume       = {26},
  number       = {8},
  pages        = {1923--1927},
  year         = {2022},
  month     = {May.},
}


