% Encoding: UTF-8
@string{bellsyst = "Bell Syst. Tech. J."}
@string{it = "IEEE Trans. Info. Theory"}
@string{jsac = "IEEE J. Sel. Areas Commun."}
@string{sig = "IEEE Trans. Signal Processing"}
@string{tcom = "IEEE Trans. Commun."}
@string{twc = "IEEE Trans. Wireless Commun."}
@string{veh = "IEEE Trans. Veh. Technol."}
@string{mveh = "IEEE Veh. Technol. Mag. "}
@string{mcom = "IEEE Commun. Mag."}
@string{proc = "Proc. IEEE"}
@string{msig = "IEEE Signal Process. Mag."}
@STRING{allerton= "Proc. Allerton Conf. Communication, Control and Computing"}
@STRING{asilomar = "Proc. Asilomar Conf. Signals, Systems and Computers"}
@STRING{globecom= "Proc. {IEEE} Global Conf. Communications {(GLOBECOM)}"}
@STRING{ICASSP = "Proc. {IEEE} Int. Conf. Acoustics, Speech, and Signal Processing {(ICASSP)}"}
@STRING{ICC = "Proc. {IEEE} Int. Conf. Communications {(ICC)}"}
@STRING{ISIT = "Proc. {IEEE} Int. Symp. Inf. Theory {(ISIT)}"}
@STRING{ITA = "Proc. Inf. Theory and App. Workshop {(ITA)}"}
@STRING{ITW = "Proc. {IEEE} Inf. Theory Workshop {(ITW)}"}
@STRING{SPAWC = "Proc. {IEEE} Workshop on Signal Processing Advances in Wireless Communications {(SPAWC)}"}

@ARTICLE{cover1982asynchronous,
  author={Cover, T. and McEliece, R. and Posner, E.},
  journal={IEEE Transactions on Information Theory}, 
  title={Asynchronous multiple-access channel capacity}, 
  year={1981},
  volume={27},
  number={4},
  pages={409-413},
  doi={10.1109/TIT.1981.1056382}
  }
  
@article{blackwell1960capacities,
  title={The capacities of certain channel classes under random coding},
  author={Blackwell, D. and Breiman, L. and Thomasian, A. J.},
  journal={The Annals of Mathematical Statistics},
  volume={31},
  number={3},
  pages={558--567},
  year={1960},
  publisher={JSTOR}
}

@ARTICLE{papadias2003capacity,
  author={Papadias, C. B. and Foschini, G. J.},
  journal={IEEE Transactions on Information Theory}, 
  title={Capacity-approaching space-time codes for systems employing four transmitter antennas}, 
  year={2003},
  volume={49},
  number={3},
  month={Mar.},
  pages={726-732},
  doi={10.1109/TIT.2002.808119}
  }
  
@INPROCEEDINGS{rappaport2017fading,
  author={MacCartney, G. R. and Rappaport, T. S. and Rangan, S.},
  booktitle={GLOBECOM 2017 - 2017 IEEE Global Communications Conference}, 
  title={Rapid Fading Due to Human Blockage in Pedestrian Crowds at {5G} Millimeter-Wave Frequencies}, 
  year={2017},
  volume={},
  number={},
  pages={1-7},
  doi={10.1109/GLOCOM.2017.8254900}}
  
@ARTICLE{keusgen2016shadowing,
  author={Weiler, R. J. and Peter, M. and Keusgen, W. and Sakaguchi, K. and Undi, F.},
  journal={IEEE Wireless Communications Letters}, 
  title={Environment Induced Shadowing of Urban Millimeter-Wave Access Links}, 
  year={2016},
  volume={5},
  number={4},
  month={Apr.},
  pages={440-443},
  doi={10.1109/LWC.2016.2581820}}
  
@ARTICLE{sundeep2018blockage,
  author={Slezak, C. and Semkin, V. and Andreev, S. and Koucheryavy, Y. and Rangan, S.},
  journal={IEEE Communications Magazine}, 
  title={Empirical Effects of Dynamic Human-Body Blockage in 60 {GHz} Communications}, 
  year={2018},
  volume={56},
  number={12},
  month={Dec.},
  pages={60-66},
  doi={10.1109/MCOM.2018.1800232}}
  
@ARTICLE{rappaport2015wideband,
  author={Rappaport, T. S. and MacCartney, G. R. and Samimi, M. K. and Sun, S.},
  journal={IEEE Transactions on Communications}, 
  title={Wideband Millimeter-Wave Propagation Measurements and Channel Models for Future Wireless Communication System Design}, 
  year={2015},
  volume={63},
  number={9},
  month={Sept.},
  pages={3029-3056},
  doi={10.1109/TCOMM.2015.2434384}}
  
@article{miretti2023little,
  title={Little or no equalization is needed in energy-efficient sub-{TH}z mobile access},
  author={Miretti, L. and K{\"u}hne, T. and Schultze, A. and Keusgen, W. and Caire, G. and Peter, M. and Sta{\'n}czak, S. and Eichler, T.},
  journal={IEEE Communications Magazine},
  note = {To appear. [Online] arXiv:2210.05806},
  year={2023}
}

@ARTICLE{song2020fully,
  author={Song, X. and Kühne, T. and Caire, G.},
  journal={IEEE Transactions on Wireless Communications}, 
  title={Fully-/Partially-Connected Hybrid Beamforming Architectures for mmWave {MU-MIMO}}, 
  year={2020},
  volume={19},
  number={3},
  pages={1754-1769},
  doi={10.1109/TWC.2019.2957227}
}
  
@ARTICLE{rappaport2019diversity,
  author={MacCartney, G. R. and Rappaport, T. S.},
  journal={IEEE Transactions on Wireless Communications}, 
  title={Millimeter-Wave Base Station Diversity for {5G} Coordinated Multipoint {(CoMP)} Applications}, 
  year={2019},
  volume={18},
  number={7},
  month={July},
  pages={3395-3410},
  doi={10.1109/TWC.2019.2913414}}
  
@misc{3gpp2020multiconnectivity,
	title={{NR}; Multi-Connectivity; {O}verall Description (Release 15)},
	author = {3GPP TSG RAN Meeting {\#}82, TS 37.340},
	note = {Rel. 15, Jun 2018},
}

@misc{qualcomm2021comp,
	title={How {CoMP} Can Extend {5G NR} to High Capacity and Ultra-Reliable Communications},
	author = {Qualcomm},
	year = {2020},
	note = {Accessed: June 19, 2023. [Online]. Available: https://www.qualcomm.com/content/dam/qcomm-martech/dm-assets/documents/comp{\textunderscore}webinar{\textunderscore}v18.pdf},
}

@misc{ericsson2023concept,
	title={A concept for evaluating sub-{THz} communication for future {6G}},
	author = {Ericsson and Intel},
	year = {2023},
	note = {Accessed: June 19, 2023. [Online]. Available:
https://www.ericsson.com/490d1a/assets/local/reports-papers/research-papers/high-band-testbed-concept-description.pdf}
}

@ARTICLE{skouroumounis2017base,
  author={Skouroumounis, C. and Psomas, C. and Krikidis, I.},
  journal={IEEE Transactions on Communications}, 
  title={Low-Complexity Base Station Selection Scheme in mmWave Cellular Networks}, 
  year={2017},
  volume={65},
  number={9},
  month={Sept.},
  pages={4049-4064},
  doi={10.1109/TCOMM.2017.2713810}}

@ARTICLE{giordani2018control,
  author={Giordani, M. and Mezzavilla, M. and Rangan, S. and Zorzi, M.},
  journal={IEEE Transactions on Wireless Communications}, 
  title={An Efficient Uplink Multi-Connectivity Scheme for {5G} Millimeter-Wave Control Plane Applications}, 
  year={2018},
  volume={17},
  number={10},
  pages={6806-6821},
  doi={10.1109/TWC.2018.2864650}}
  
@ARTICLE{fettweis2019reliable,
  author={Wolf, A. and Schulz, P. and Dörpinghaus, M. and Santos Filho, J. C. S. and Fettweis, G.},
  journal={IEEE Transactions on Communications}, 
  title={How Reliable and Capable is Multi-Connectivity?}, 
  year={2019},
  volume={67},
  number={2},
  month={Feb.},
  pages={1506-1520},
  doi={10.1109/TCOMM.2018.2873648}}
  
@article{fettweis2020network,
  title={Network massive {MIMO} transmission over millimeter-wave and terahertz bands: Mobility enhancement and blockage mitigation},
  author={You, L. and Chen, X. and Song, X. and Jiang, F. and Wang, W. and Gao, X. and Fettweis, G.},
  journal={IEEE Journal on Selected Areas in Communications},
  volume={38},
  number={12},
  month={Dec.},
  pages={2946--2960},
  year={2020},
  publisher={IEEE}
}

@ARTICLE{lee2017hybrid,
  author={Lee, C.-S. and Chung, W.-H.},
  journal={IEEE Transactions on Communications}, 
  title={Hybrid RF-Baseband Precoding for Cooperative Multiuser Massive MIMO Systems With Limited RF Chains}, 
  year={2017},
  volume={65},
  number={4},
  month={Apr.},
  pages={1575-1589},
  doi={10.1109/TCOMM.2016.2646359}}

@ARTICLE{tolli2021blockage,
  author={Kumar, D. and Kaleva, J. and Tölli, A.},
  journal={IEEE Transactions on Wireless Communications}, 
  title={Blockage-Aware Reliable mm{W}ave Access via Coordinated Multi-Point Connectivity}, 
  year={2021},
  volume={20},
  number={7},
  month={July},
  pages={4238-4252},
  doi={10.1109/TWC.2021.3057227}}
  
@ARTICLE{gerasimenko2019capacity,
  author={Gerasimenko, M. and Moltchanov, D. and Gapeyenko, M. and Andreev, S. and Koucheryavy, Y.},
  journal={IEEE Transactions on Vehicular Technology}, 
  title={Capacity of Multiconnectivity mm{W}ave Systems With Dynamic Blockage and Directional Antennas}, 
  year={2019},
  volume={68},
  number={4},
  month={Apr.},
  pages={3534-3549},
  doi={10.1109/TVT.2019.2896565}}
  
@ARTICLE{tuninetti2016coverage,
  author={Maamari, D. and Devroye, N. and Tuninetti, D.},
  journal={IEEE Transactions on Wireless Communications}, 
  title={Coverage in mm{W}ave Cellular Networks With Base Station Co-Operation}, 
  year={2016},
  volume={15},
  number={4},
  pages={2981-2994},
  month={Apr.},
  doi={10.1109/TWC.2016.2514347}}

@ARTICLE{haas2016lifi,
  author={Haas, H. and Yin, L. and Wang, Y. and Chen, C.},
  journal={Journal of Lightwave Technology}, 
  title={What is {LiFi}?}, 
  year={2016},
  volume={34},
  number={6},
  pages={1533-1544},
  doi={10.1109/JLT.2015.2510021}
  }

@ARTICLE{jungnickel2019optical,
  author={Berenguer, P. W. and Hellwig, P. and Schulz, D. and Hilt, J. and Kleinpeter, G. and Fischer, J. K. and Jungnickel, V.},
  journal={Journal of Lightwave Technology}, 
  title={Real-Time Optical Wireless Mobile Communication With High Physical Layer Reliability}, 
  year={2019},
  volume={37},
  number={6},
  pages={1638-1646},
  doi={10.1109/JLT.2019.2893520}
}

@article{gesbert2010multicell,  author={D. {Gesbert} and S. {Hanly} and H. {Huang} and S. {Shamai Shitz} and O. {Simeone} and W. {Yu}},  
	journal=jsac,   
	title={Multi-Cell {MIMO} Cooperative Networks: A New Look at Interference},   
	year={2010},  
	volume={28},  
	number={9},  
	month={Sept.},
	pages={1380-1408},  
	doi={10.1109/JSAC.2010.101202}
}


@article{demir2021foundations,
  title={Foundations of user-centric cell-free massive {MIMO}},
  author={Demir, {\"O}. T. and Bj{\"o}rnson, E. and Sanguinetti, L.},
  journal={Foundations and Trends{\textregistered} in Signal Processing},
  volume={14},
  number={3-4},
  pages={162--472},
  year={2021},
  publisher={Now Publishers, Inc.}
}

@ARTICLE{buzzi2022beam,
  author={Buzzi, S. and D’Andrea, C. and Fresia, M. and Wu, X.},
  journal={IEEE Transactions on Wireless Communications}, 
  title={Multi-{UE} Multi-{AP} Beam Alignment in User-Centric Cell-Free Massive {MIMO} Systems Operating at mm{W}ave}, 
  year={2022},
  volume={},
  number={},
  pages={1-1},
  doi={10.1109/TWC.2022.3170787}
}

@article{zaher2022soft,
  title={Soft Handover Procedures in mm{W}ave Cell-Free Massive {MIMO} Networks},
  author={Zaher, M. and Bj{\"o}rnson, E. and Petrova, M.},
  journal={arXiv preprint arXiv:2209.02548},
  year={2022}
}

@ARTICLE{song2018beam,
  author={Song, X. and Haghighatshoar, S. and Caire, G.},
  journal={IEEE Transactions on Wireless Communications}, 
  title={A Scalable and Statistically Robust Beam Alignment Technique for Millimeter-Wave Systems}, 
  year={2018},
  volume={17},
  number={7},
  pages={4792-4805},
  doi={10.1109/TWC.2018.2831697}
  }

@ARTICLE{femenias2019fronthaul,
  author={Femenias, G. and Riera-Palou, F.},
  journal={IEEE Access}, 
  title={Cell-Free Millimeter-Wave Massive {MIMO} Systems With Limited Fronthaul Capacity}, 
  year={2019},
  volume={7},
  month={Mar.},
  number={},
  pages={44596-44612},
  doi={10.1109/ACCESS.2019.2908688}}

@INPROCEEDINGS{alonzo2017cell,
  author={Alonzo, M. and Buzzi, S.},
  booktitle={2017 IEEE 28th Annual International Symposium on Personal, Indoor, and Mobile Radio Communications (PIMRC)}, 
  title={Cell-free and user-centric massive {MIMO} at millimeter wave frequencies}, 
  year={2017},
  volume={},
  number={},
  pages={1-5},
  doi={10.1109/PIMRC.2017.8292302}
  }

@INPROCEEDINGS{dandrea2021cell,
  author={D'Andrea, C. and Interdonato, G. and Buzzi, S.},
  booktitle={2021 29th European Signal Processing Conference (EUSIPCO)}, 
  title={User-centric Handover in mm{W}ave Cell-Free Massive {MIMO} with User Mobility}, 
  year={2021},
  volume={},
  number={},
  pages={1-5},
  doi={10.23919/EUSIPCO54536.2021.9616361}
  }
  
@ARTICLE{yetis2021analog,
  author={Yetis, C. M. and Björnson, E. and Giselsson, P.},
  journal={IEEE Open Journal of the Communications Society}, 
  title={Joint Analog Beam Selection and Digital Beamforming in Millimeter Wave Cell-Free Massive {MIMO} Systems}, 
  year={2021},
  volume={2},
  number={},
  pages={1647-1662},
  doi={10.1109/OJCOMS.2021.3094823}
  }
  
@ARTICLE{garcia2020energy,
  author={García-Morales, J. and Femenias, G. and Riera-Palou, F.},
  journal={IEEE Access}, 
  title={Energy-Efficient Access-Point Sleep-Mode Techniques for Cell-Free mm{W}ave Massive {MIMO} Networks With Non-Uniform Spatial Traffic Density}, 
  year={2020},
  volume={8},
  month={July},
  number={},
  pages={137587-137605},
  doi={10.1109/ACCESS.2020.3012199}}
  
@ARTICLE{femenias2022wideband,
  author={Femenias, G. and Riera-Palou, F.},
  journal={IEEE Transactions on Wireless Communications}, 
  title={Wideband Cell-Free mm{W}ave Massive {MIMO-OFDM}: Beam Squint-Aware Channel Covariance-Based Hybrid Beamforming}, 
  year={2022},
  volume={21},
  number={7},
  pages={4695-4710},
  doi={10.1109/TWC.2021.3132414}}
 
 
@ARTICLE{nguyen2022hybrid,
  author={Nguyen, N. T. and Lee, K. and Dai, H.},
  journal={IEEE Transactions on Vehicular Technology}, 
  title={Hybrid Beamforming and Adaptive {RF} Chain Activation for Uplink Cell-Free Millimeter-Wave Massive {MIMO} Systems}, 
  year={2022},
  volume={71},
  number={8},
  month={Aug.},
  pages={8739-8755},
  doi={10.1109/TVT.2022.3176389}
  }
  
@ARTICLE{feng2022weighted,
  author={Feng, C. and Shen, W. and An, J. and Hanzo, L.},
  journal={IEEE Transactions on Wireless Communications}, 
  title={Weighted Sum Rate Maximization of the {mmWave} Cell-Free {MIMO} Downlink Relying on Hybrid Precoding}, 
  year={2022},
  volume={21},
  number={4},
  month={Apr.},
  pages={2547-2560},
  doi={10.1109/TWC.2021.3113458}}
  
@INPROCEEDINGS{pollin2021association,
  author={Hersyandika, R. and Wang, Q. and Pollin, S.},
  booktitle={ICC 2021 - IEEE International Conference on Communications}, 
  title={Association in Dense Cell-Free mm{W}ave Networks}, 
  year={2021},
  volume={},
  number={},
  pages={1-6},
  doi={10.1109/ICC42927.2021.9500294}}
  
@ARTICLE{jafri2023cooperative,
  author={Jafri, M. and Srivastava, S. and Venkategowda, N. K. D. and Jagannatham, A. K. and Hanzo, L.},
  journal={IEEE Transactions on Vehicular Technology}, 
  title={Cooperative Hybrid Transmit Beamforming in Cell-Free mm{W}ave {MIMO} Networks}, 
  year={2023},
  volume={72},
  number={5},
  month={May},
  pages={6023-6038},
  doi={10.1109/TVT.2022.3229832}
  }
  
@ARTICLE{guo2023energy,
  author={Guo, J. and Zhang, D. and Cui, C. and Liu, X.},
  journal={IEEE Transactions on Vehicular Technology}, 
  title={On Ergodic Energy Efficiency of mm{W}ave Heterogeneous Cell-Free Systems with {ZF} Hybrid Precoders}, 
  year={2023},
  volume={},
  number={},
  pages={1-17},
  doi={10.1109/TVT.2023.3284034}
  }

@ARTICLE{eryani2022self,
  author={Al-Eryani, Y. and Hossain, E.},
  journal={IEEE Transactions on Communications}, 
  title={Self-Organizing mm{W}ave {MIMO} Cell-Free Networks With Hybrid Beamforming: A Hierarchical {DRL}-Based Design}, 
  year={2022},
  volume={70},
  number={5},
  month={May},
  pages={3169-3185},
  doi={10.1109/TCOMM.2022.3159836}
  }
  
@ARTICLE{ismath2021deep,
  author={Ismath, I. and Ali, S. and Rajatheva, N. and Latva-Aho, M.},
  journal={IEEE Wireless Communications Letters}, 
  title={Deep Contextual Bandits for Fast Neighbor-Aided Initial Access in mm{W}ave Cell-Free Networks}, 
  year={2021},
  volume={10},
  month={Oct.},
  number={12},
  pages={2752-2756},
  doi={10.1109/LWC.2021.3115030}}
  
@ARTICLE{dasilva2023energy,
  author={Da Silva, H. T. P. and Silva, H. S. and Alencar, M. S. and De Queiroz, W. J. L. and Dias, U. S.},
  journal={IEEE Access}, 
  title={Energy and Spectral Efficiencies of Cell-Free Millimeter-Wave Massive {MIMO} Systems Under Rain Attenuation Based on Ray Tracing Simulations}, 
  year={2023},
  volume={11},
  number={},
  pages={26979-26995},
  doi={10.1109/ACCESS.2023.3257847}}
  
@ARTICLE{wang2022joint,
  author={Wang, Z. and Li, M. and Liu, R. and Liu, Q.},
  journal={IEEE Transactions on Communications}, 
  title={Joint User Association and Hybrid Beamforming Designs for Cell-Free {mmWave MIMO} Communications}, 
  year={2022},
  volume={70},
  number={11},
  month={Nov.},
  pages={7307-7321},
  doi={10.1109/TCOMM.2022.3211966}}
  
@INPROCEEDINGS{studer2022beam,
  author={Brun, J. and Palhares, V. and Marti, G. and Studer, C.},
  booktitle={2022 IEEE Workshop on Signal Processing Systems (SiPS)}, 
  title={Beam Alignment for the Cell-Free {mmWave} Massive {MU-MIMO} Uplink}, 
  year={2022},
  volume={},
  number={},
  pages={1-6},
  doi={10.1109/SiPS55645.2022.9919259}}
  

@ARTICLE{zhang2020delay,
  author={Zhang, X. and Wang, J. and Poor, H. V.},
  journal={IEEE Journal on Selected Areas in Communications}, 
  title={Statistical Delay and Error-Rate Bounded {QoS} Provisioning Over {mmWave} Cell-Free {M-MIMO} and {FBC-HARQ-IR} Based {6G} Wireless Networks}, 
  year={2020},
  volume={38},
  number={8},
  month={Aug.},
  pages={1661-1677},
  doi={10.1109/JSAC.2020.3000804}}
  

@ARTICLE{guo2021hybrid,
  author={Guo, J.-C. and Yu, Q.-Y. and Sun, W.-B. and Meng, W.-X.},
  journal={IEEE Transactions on Wireless Communications}, 
  title={Robust Efficient Hybrid Pre-Coding Scheme for mm{W}ave Cell-Free and User-Centric Massive {MIMO} Communications}, 
  year={2021},
  volume={20},
  number={12},
  pages={8006-8022},
  doi={10.1109/TWC.2021.3089501}}

@ARTICLE{alonzo2019energy,
  author={Alonzo, M. and Buzzi, S. and Zappone, A. and D’Elia, C.},
  journal={IEEE Transactions on Green Communications and Networking}, 
  title={Energy-Efficient Power Control in Cell-Free and User-Centric Massive {MIMO} at Millimeter Wave}, 
  year={2019},
  volume={3},
  number={3},
  pages={651-663},
  doi={10.1109/TGCN.2019.2908228}
  }
  
    
@ARTICLE{bennis2022cellfree,
  author={Kim, I. and Bennis, M. and Choi, J.},
  journal={IEEE Transactions on Vehicular Technology}, 
  title={Cell-Free mmWave Massive {MIMO} Systems With Low-Capacity Fronthaul Links and Low-Resolution {ADC/DAC}s}, 
  year={2022},
  volume={71},
  number={10},
  month={Oct.},
  pages={10512-10526},
  doi={10.1109/TVT.2022.3184172}
  }
  
@ARTICLE{kassam2022distributed,
  author={Kassam, J. and Castanheira, D. and Silva, A. and Dinis, R. and Gameiro, A.},
  journal={IEEE Transactions on Communications}, 
  title={Distributed Hybrid Equalization for Cooperative Millimeter-Wave Cell-Free Massive {MIMO}}, 
  year={2022},
  volume={70},
  number={8},
  month={Aug.},
  pages={5300-5316},
  doi={10.1109/TCOMM.2022.3186980}}
  
@ARTICLE{kim2023beam,
  author={Kim, M. and Hong, S.-E. and Na, J.-H.},
  journal={IEEE Wireless Communications Letters}, 
  title={Beam Selection for Cell-Free Millimeter-Wave Massive {MIMO} Systems: A Matching-Theoretic Approach}, 
  year={2023},
  volume={},
  number={},
  pages={1-1},
  doi={10.1109/LWC.2023.3278751}}
  
@INPROCEEDINGS{kamiwatari2022rf,
  author={Kamiwatari, S. and Kanno, I. and Ohseki, T. and Yamazaki, K. and Kishi, Y.},
  booktitle={GLOBECOM 2022 - 2022 IEEE Global Communications Conference}, 
  title={{RF} chain-wise Clustering for Centralized mm-wave Cell-Free massive {MIMO} with Hybrid Beamforming}, 
  year={2022},
  volume={},
  number={},
  pages={764-769},
  doi={10.1109/GLOBECOM48099.2022.10001553}}
  
@ARTICLE{irmer2011coordinated,
  author={Irmer, R. and Droste, H. and Marsch, P. and Grieger, M. and Fettweis, G. and Brueck, S. and Mayer, H.-P. and Thiele, L. and Jungnickel, V.},
  journal={IEEE Communications Magazine}, 
  title={Coordinated multipoint: Concepts, performance, and field trial results}, 
  year={2011},
  volume={49},
  number={2},
  month={Feb.},
  pages={102-111},
  doi={10.1109/MCOM.2011.5706317}}
  
@article{hoeffding1963,
author = {W. Hoeffding },
title = {Probability Inequalities for Sums of Bounded Random Variables},
journal = {Journal of the American Statistical Association},
volume = {58},
number = {301},
pages = {13-30},
year  = {1963},
publisher = {Taylor & Francis},
doi = {10.1080/01621459.1963.10500830},
}

@article{dammann2002low,
  title={Low complex standard conformable antenna diversity techniques for {OFDM} systems and its application to the {DVB-T} system},
  author={Dammann, A. and Kaiser, S.},
  journal={4th International ITG Conference
on Source and Channel Coding, Berlin},
  pages={253--260},
  year={2002},
  publisher={VDE; 1999}
}

@ARTICLE{alamouti1998,
  author={Alamouti, S. M.},
  journal={IEEE Journal on Selected Areas in Communications}, 
  title={A simple transmit diversity technique for wireless communications}, 
  year={1998},
  volume={16},
  number={8},
  pages={1451-1458},
  doi={10.1109/49.730453}
}

@ARTICLE{alper2023uniform,
  author={Eckhardt, J. M. and Schultze, A. and Askar, R. and Doeker, T. and Peter, M. and Keusgen, W. and Kürner, T.},
  journal={IEEE Open Journal of Antennas and Propagation}, 
  title={Uniform Analysis of Multipath Components From Various Scenarios With Time-Domain Channel Sounding at {300GHz}}, 
  year={2023},
  volume={4},
  number={},
  pages={446-460},
  doi={10.1109/OJAP.2023.3263597}}
  
  
@ARTICLE{molish2022directionally,
  author={Gomez-Ponce, J. and Abbasi, N. A. and Willner, A. E. and Zhang, C. J. and Molisch, A. F.},
  journal={IEEE Open Journal of Antennas and Propagation}, 
  title={Directionally Resolved Measurement and Modeling of {THz} Band Propagation Channels}, 
  year={2022},
  volume={3},
  number={},
  pages={663-686},
  doi={10.1109/OJAP.2022.3181326}}
  
@ARTICLE{miretti2021cooperative,
  author={Miretti, L. and Kobayashi, M. and Gesbert, D. and de Kerret, P.},
  journal={IEEE Transactions on Information Theory}, 
  title={Cooperative Multiple-Access Channels With Distributed State Information}, 
  year={2021},
  volume={67},
  number={8},
  pages={5185-5199},
  doi={10.1109/TIT.2021.3088883}}
  
@ARTICLE{caire1999capacity,
  author={Caire, G. and Shamai, S.},
  journal={IEEE Transactions on Information Theory}, 
  title={On the capacity of some channels with channel state information}, 
  year={1999},
  volume={45},
  number={6},
  pages={2007-2019},
  doi={10.1109/18.782125}}
  
@ARTICLE{sesia2004incremental,
  author={Sesia, S. and Caire, G. and Vivier, G.},
  journal={IEEE Transactions on Communications}, 
  title={Incremental redundancy hybrid {ARQ} schemes based on low-density parity-check codes}, 
  year={2004},
  volume={52},
  number={8},
  pages={1311-1321},
  doi={10.1109/TCOMM.2004.833022}}
  
@ARTICLE{tarok1999space,
  author={Tarokh, V. and Jafarkhani, H. and Calderbank, A. R.},
  journal={IEEE Transactions on Information Theory}, 
  title={Space-time block codes from orthogonal designs}, 
  year={1999},
  volume={45},
  number={5},
  pages={1456-1467},
  doi={10.1109/18.771146}}
  
@ARTICLE{hassibi2002linear,
  author={Hassibi, B. and Hochwald, B. M.},
  journal={IEEE Transactions on Information Theory}, 
  title={High-rate codes that are linear in space and time}, 
  year={2002},
  volume={48},
  number={7},
  pages={1804-1824},
  doi={10.1109/TIT.2002.1013127}}