@ARTICLE{Dryjanski,
author={M. Dryjanski, M. Buczkowski, Y.Ould-Cheikh-Mouhamedou and A. Kliks},
journal={IEEE Internet of Things Mag.},
title={{Adoption of Smart Cities with a Practical Smart Building Implementation}},
year={2020},
volume={3},
number={1},
pages={58-63},
month={March},}

@ARTICLE{Liaskos,
author={Liaskos, C. and Nie, S. and Tsioliaridou, A. and Pitsillides, A. and Ioannidis, S. and Akyildiz, I.F. },
journal=IEEE_M_COM,
title={{A New Wireless Communication Paradigm through Software-controlled Metasurfaces}},
year={2018},
month={Sept.},}

@ARTICLE{Yang,
author={H. Yang and others},
journal={Scientific reports},
title={{A programmable metasurface with dynamic polarization, scattering and focusing control}},
volume={6},
number={},
year={2016},}

@ARTICLE{Cui,
author={Cui, T. J. and Qi, M. Q. and Wan, X. and Zhao, J. and Cheng,Q. },
journal={Light: Science \& Applications},
title={{Coding metamaterials, digital metamaterials and programmable metamaterials}},
volume={3},
number={10},
month={Oct.},
year={2014},}

@INPROCEEDINGS{Tan,
author={Tan, X. and Sun, Z. and Jornet, J. M. and Pados,D. },
booktitle={IEEE Int. Conf on Commun. ({ICC})},
title={{Increasing indoor spectrum sharing capacity using smart reflect-array}},
year={2016},}

@ARTICLE{Hu,
author={Hu, S. and Rusek,F. and Edfors,O.},
journal=IEEE_J_SP,
title={{Beyond massive {MIMO}: The potential of data transmission with large intelligent surfaces}},
volume={66},
number={10},
month={Oct.},
pages={2746-2758},
year={2018},}

@INPROCEEDINGS{Huang,
author={Huang, C. and Zappone, A. and Debbah, M. and Yuen,C. },
booktitle = {IEEE Int. Conf. on Acoustics, Speech and Signal Processing (ICASSP)},
title={{Achievable rate maximization by passive intelligent mirrors}},
year={2018},
}

@ARTICLE{DiJSAC2020,
  author={B. {Di} and H. {Zhang} and L. {Song} and Y. {Li} and Z. {Han} and H. V. {Poor}},
  journal=IEEE_J_JSAC, 
  title={Hybrid Beamforming for Reconfigurable Intelligent Surface based Multi-user Communications: Achievable Rates with Limited Discrete Phase Shifts}, 
  year={2020},
  volume={},
  number={},
  pages={1-1},}

@ARTICLE{GuoTWC2020,
  author={H. {Guo} and Y. {Liang} and J. {Chen} and E. G. {Larsson}},
  journal=IEEE_J_WCOM, 
  title={Weighted Sum-Rate Maximization for Reconfigurable Intelligent Surface Aided Wireless Networks}, 
  year={2020},
  volume={19},
  number={5},
  pages={3064-3076},}


@ARTICLE{Gong,
author={S. Gong and others},
journal=IEEE_O_CSTO,
title={{Towards Smart Radio Environment for Wireless Communications via Intelligent Reflecting Surfaces: A Comprehensive Survey}},
year={2020},}

@INPROCEEDINGS{Ma,  
author={D. {Ma} and M. {Ding} and M. {Hassan}},  
booktitle={IEEE Wireless Communications and Networking Conference (WCNC)},   
title={Enhancing Cellular Communications for {UAV}s via Intelligent Reflective Surface},   
year={2020},  
volume={},  
number={},  
pages={1-6},
}

@ARTICLE{Li,
author={Li, S. and Duo, B. and Yuan, X. and Liang, Y.  and Di Renzo, M.},
journal=IEEE_J_WCOML,
title={{Reconfigurable Intelligent Surface Assisted UAV Communication: Joint Trajectory Design and Passive Beamforming}},
month={Jan.},
year={2020},}

@ARTICLE{Liu2,
author={Liu, R. and Li, M. and Liu, Q. and Swindlehurst, A. L.},
journal={https://arxiv.org/abs/1912.11767},
title={{Joint Symbol-Level Precoding and Reflecting Designs for {RIS}-Enhanced {MU-MISO} Systems}},
year={2019}
}

@BOOK{Shorey,
author={R. Shorey, A. Ananda, M.C. Chan, and W.T. Ooi (Eds.)},
publisher={John Wiley \& Sons},
title={{Mobile, wireless, and sensor networks: technology, applications, and future directions}},
year={2006},}

@ARTICLE{Groenevelt,
author={R. Groenevelt, E. Altman and P. Nain},
journal={Wireless Net.},
title={{Relaying in mobile ad hoc networks: The Brownian motion mobility model}},
volume={12},
pages={561–571},
year={2006},}

@ARTICLE{Xiao,
author={L. Xiao, T. E. Fuja and D. J. Costello},
journal=IEEE_J_COM,
title={{Mobile Relaying: Coverage Extension and Throughput Enhancement}},
volume={58},
number=9,
pages={2709-2717},
year={2010},}

@ARTICLE{Zeng,
author={Y. Zeng, R. Zang and T.J. Lim},
journal=IEEE_J_COM,
title={{Throughput Maximization for {UAV}-Enabled Mobile Relaying Systems}},
volume={64},
number=12,
year={2016},}

@ARTICLE{Wang3,
author={Q. Wang, Z. Chen, H. Li and S. Li},
journal={IEEE Access},
title={{Joint Power and Trajectory Design for Physical-Layer Secrecy in the {UAV}-Aided Mobile Relaying System}},
volume={6},
page={62849-62855},
year={2018},}

@MISC{MMRP,
title={{IEEE 802.16j Mobile Multihop Relay Project Authorization Request (PAR)}},
note={Official IEEE 802.16j Website: http://standards.ieee.org/board/nes/projecta/802-16j.pdf},
month={March},
year={2006},}

@ARTICLE{Gozalvez,
author={J. Gozalvez and B. Coll-Perales},
journal=IEEE_M_COM,
title={{Experimental evaluation of multihop cellular networks using mobile relays}},
volume={51},
number=7,
page={122-129},
month={July},
year={2013},}

@ARTICLE{Chang,
author={Chang, B. and Liang, Y. and Su, S.},
journal={Wireless Pers Commun},
title={{Analyses of Relay Nodes Deployment in 4{G} Wireless Mobile Multihop Relay Networks}},
volume={83},
page={1159–1181},
year={2015},}

@ARTICLE{Chen,
author={Y. Chen, N. Zhao, Z. Ding and M. Alouini},
journal=IEEE_J_WCOM,
title={{Multiple {UAV}s as Relays: Multi-Hop Single Link Versus Multiple Dual-Hop Links}},
volume={17},
number={9},
page={6348-6359},
month={Sept},
year={2018},}

@ARTICLE{Chen,
author={Y. Zhou, N. Cheng, N. Lu and X. S. Shen},
journal=IEEE_M_VT,
title={{Multi-{UAV}-Aided Networks: Aerial-Ground Cooperative Vehicular Networking Architecture}},
volume={10},
number={4},
page={36-44},
month={Dec},
year={2015},}

@ARTICLE{Zhang,
author={G. Zhang, H. Yan, Y. Zeng, M. Cui and Y. Liu},
journal={IEEE Access},
title={{Trajectory Optimization and Power Allocation for Multi-Hop {UAV} Relaying Communications}},
volume={6},
year={2018},}

@ARTICLE{Li2,
author={Li, P., Xu, J.},
journal={J. Commun. Inf. Net.},
title={{Placement Optimization for {UAV}-Enabled Wireless Networks with Multi-Hop Backhauls}},
volume={3},
pages={64–73},
year={2018},}

@BOOK{Liu3,
author={Liu, K.R. and Sadek, A.K. and Su, W. and Kwasinski, A.},
publisher={Cambridge university press},
title={{Cooperative communications and networking}},
year={2009}
}

@BOOK{Hossain,
author={Hossain, E. and Kim, D. I. and Bhargava, V. K.(Eds.)},
publisher={Cambridge university press},
title={{Cooperative cellular wireless networks}},
year=2011,
}

% Added by Hayder
@INPROCEEDINGS{Mishra2019,
author={D. {Mishra} and H. {Johansson}},
booktitle = {IEEE Int. Conf. Acoust. Speech and Signal Process. (ICASSP)},
title={Channel Estimation and Low-complexity Beamforming Design for Passive Intelligent Surface Assisted {MISO} Wireless Energy Transfer},
year={2019},
pages={4659-4663},
month={May},}

@ARTICLE{Zheng2019,
author={B. {Zheng} and R. {Zhang}},
journal=IEEE_J_WCOML,
title={Intelligent Reflecting Surface-Enhanced {OFDM}: Channel Estimation and Reflection Optimization},
year={2019},
month={},}

@INPROCEEDINGS{Xiong2020,
author={ Jiayuan Xiong and Li You and Yufei Huang and Derrick Wing Kwan Ng and Wenjin Wang and and Xiqi Gao},
booktitle={IEEE Int. Conf. Commun. ({ICC})},
title={Reconfigurable Intelligent Surfaces Assisted	{MIMO-MAC} with Partial {CSI}},
year={2020},
month=jun,
pages={1--6},}



@inproceedings{jensen2019,
title = {An Optimal Channel Estimation Scheme for Intelligent Reflecting Surfaces based on a Minimum Variance Unbiased Estimator},
author = {Tobias Jensen and {De Carvalho}, Elisabeth},
booktitle = {IEEE Int. Conf. Acoust. Speech and Signal Process. (ICASSP)},
year = {2020},
month = apr,
pages = {5000--5004},
},

@ARTICLE{Liang2019,  
author={Y. {Liang} and R. {Long} and Q. {Zhang} and J. {Chen} and H. V. {Cheng} and H. {Guo}},  
journal={J. Commun. Inf. Net.},   
title={Large Intelligent Surface/Antennas {(LISA)}: {M}aking Reflective Radios Smart},
year={2019},  
volume={4},  
number={2},  
pages={40-50},
}

@ARTICLE{Wu2019,
	author={Q. {Wu} and R. {Zhang}},
	journal=IEEE_J_WCOM,
	title={Intelligent Reflecting Surface Enhanced Wireless Network via Joint Active and Passive Beamforming},
	year={2019},
	volume={18},
	number={11},
	pages={5394-5409},
	month={Nov},}
	
@article{Nadeem2019,
	author    = {Qurrat{-}Ul{-}Ain Nadeem and
	Abla Kammoun and
	Anas Chaaban and
	M{\'{e}}rouane Debbah and
	Mohamed{-}Slim Alouini},
	title     = {Asymptotic Max-Min {SINR} Analysis of Reconfigurable Intelligent Surface Assisted {MISO} Systems},
	year      = {2019},
	url       = {http://arxiv.org/abs/1903.08127},}

@article{Jung2018,
	author    = {Minchae Jung and	Walid Saad and	Young Rok Jang and	Gyuyeol Kong and	Sooyong Choi},
	title     = {Performance Analysis of Large Intelligence Surfaces ({LIS}s): Asymptotic
	Data Rate and Channel Hardening Effects},
	year      = {2018},
	url       = {http://arxiv.org/abs/1810.05667},}

@INPROCEEDINGS{Tan2018,
	author={X. {Tan} and Z. {Sun} and D. {Koutsonikolas} and J. M. {Jornet}},
	booktitle={IEEE INFOCOM -  Conf. Computer Commun.},
	title={Enabling Indoor Mobile Millimeter-wave Networks Based on Smart Reflect-arrays},
	year={2018},
	month={April},}

@ARTICLE{Basar2020,
	author={E. {Basar}},
	journal=IEEE_J_COM,
	title={Reconfigurable Intelligent Surface-Based Index Modulation: {A} New Beyond {MIMO} Paradigm for {6G}},
	year={2020},
	volume={},
	number={},
	pages={1-1},}

@article{Huang2018,
	author    = {Chongwen Huang and	Alessio Zappone and	George C. Alexandropoulos and	M{\'{e}}rouane Debbah and	Chau Yuen},
	title     = {Large Intelligent Surfaces for Energy Efficiency in Wireless Communication},
	year      = {2018},
	url       = {http://arxiv.org/abs/1810.06934},}

@INPROCEEDINGS{Huang2018a,
	author={C. {Huang} and G. C. {Alexandropoulos} and A. {Zappone} and M. {Debbah} and C. {Yuen}},
	booktitle={2018 IEEE Globecom Workshops (GC Wkshps)},
	title={Energy Efficient Multi-User {MISO} Communication Using Low Resolution Large Intelligent Surfaces},
	year={2018},
	pages={1-6},
	month={Dec},}

@article{Wang2019,
	title={Channel Estimation for Intelligent Reflecting Surface Assisted Multiuser Communications},
	author={Zhaorui Wang and Liang Liu and Shuguang Cui},
	year={2019},
	url = {https://arxiv.org/abs/1911.03084},}

@ARTICLE{Wu2019a,
	author={Q. {Wu} and R. {Zhang}},
	journal=IEEE_J_WCOML,
	title={Weighted Sum Power Maximization for Intelligent Reflecting Surface Aided {SWIPT}},
	year={2019},
	month={},}

@ARTICLE{Cui2019,
	author={M. {Cui} and G. {Zhang} and R. {Zhang}},
	journal=IEEE_J_WCOML,
	title={Secure Wireless Communication via Intelligent Reflecting Surface},
	year={2019},
	volume={8},
	number={5},
	pages={1410-1414},
	month={Oct},}


@ARTICLE{Pan2019,  
author={C. {Pan} and H. {Ren} and K. {Wang} and W. {Xu} and M. {Elkashlan} and A. {Nallanathan} and L. {Hanzo}},  
journal=IEEE_J_COM,   
title={Multicell {MIMO} Communications Relying on Intelligent Reflecting Surfaces},   
year={2020},  
volume={19},  
number={8},  
pages={5218-5233},
}	
	

@INPROCEEDINGS{Yu2019,
	author={X. {Yu} and D. {Xu} and R. {Schober}},
	booktitle={IEEE Global Commun. Conf. (GLOBECOM)},  
	title={Enabling Secure Wireless Communications via Intelligent Reflecting Surfaces},
	year={2019},
	pages={1-6},
	ISSN={1930-529X},
	month={Dec},}

@article{Kudathanthirige2020,
	title={Performance Analysis of Intelligent Reflective Surfaces for Wireless Communication},
	author={Dhanushka Kudathanthirige and Dulaj Gunasinghe and Gayan Amarasuriya},
	year={2019},
	url = {https://arxiv.org/abs/2002.05603},}

@article{xu_2020, 
	title={Resource Allocation for Intelligent Reflecting Surface Enabled Heterogeneous Networks},
	 publisher={TechRxiv}, 
	 author={Xu, Yongjun and Qin, Zhijin and Zhao, Yu and Li, Guoquan and Gui, Guan and Sari, Hikmet},
	 year={2020}, 
	 month={Feb},
	 url={https://doi.org/10.36227/techrxiv.11697666.v1.}
	 }	
 

@INPROCEEDINGS{wang2020,  
author={Z. {Wang} and L. {Liu} and S. {Cui}},  
booktitle={IEEE 21st Int. Workshop on Signal Process. Advances in Wireless Commun. (SPAWC)},   
title={Intelligent Reflecting Surface Assisted Massive {MIMO} Communications},   
year={2020},  
volume={},  
number={},  
pages={1-5},
}
	

@INPROCEEDINGS{Liu2019,
	author={R. {Liu} and H. {Li} and M. {Li} and Q. {Liu}},
	booktitle={2019 11th Int. Conf.  Wireless Commun. Sig. Process.(WCSP)},
	title={Symbol-Level Precoding Design for Intelligent Reflecting Surface Assisted Multi-User {MIMO} Systems},
	year={2019},
	pages={1-6},
	month={Oct},}
	
%%%% SMART CITIES

@ARTICLE{6740844,
author={A. {Zanella} and N. {Bui} and A. {Castellani} and L. {Vangelista} and M. {Zorzi}},
journal=IEEE_J_IOT, 
title={Internet of Things for Smart Cities}, 
year={2014},
volume={1},
number={1},
pages={22-32},}

@article{BIBRI2018230,
author={S.E. Bibri},
title = {{The {I}o{T} for smart sustainable cities of the future: An analytical framework for sensor-based big data applications for environmental sustainability}},
journal = "Sustainable Cities and Soc.",
volume = "38",
pages = "230 - 253",
year = "2018",
}

@article{silva2018towards,
  title={Towards sustainable smart cities: A review of trends, architectures, components, and open challenges in smart cities},
  author={Silva, Bhagya Nathali and Khan, Murad and Han, Kijun},
  journal={Sustainable Cities and Soc.},
  volume={38},
  pages={697--713},
  year={2018},
}
@article{SILVA2018697,
title = "Towards sustainable smart cities: A review of trends, architectures, components, and open challenges in smart cities",
author={Silva, Bhagya Nathali and Khan, Murad and Han, Kijun},
journal = "Sustainable Cities and Soc.",
volume = "38",
pages = "697 - 713",
year = "2018",
}

@article{smart_datacollection,
author={Gomez, Carles and Paradells, Josep}, 
title={{Urban Automation Networks: Current and Emerging Solutions for Sensed Data Collection and Actuation in Smart Cities}}, 
journal={Sensors}, 
volume={15}, 
number={9},
pages={22874-22898}, 
year=2015
}

@article{Xu_2017, 
title={A Latency and Coverage Optimized Data Collection Scheme for Smart Cities Based on Vehicular Ad-hoc Networks}, volume={17}, 
number={4}, journal={Sensors}, publisher={MDPI AG}, author={Xu, Yixuan and Chen, Xi and Liu, Anfeng and Hu, Chunhua}, year={2017}, month={Apr}, pages={888}}

@ARTICLE{8307785,
author={S. {Musa}},
journal={IEEE Potentials}, 
title={Smart Cities-A Road Map for Development}, 
year={2018},
volume={37},
number={2},
pages={19-23},}

@ARTICLE{8579129,
author={L. {Ang} and K. P. {Seng} and G. K. {Ijemaru} and A. M. {Zungeru}},
journal={IEEE Access}, 
title={Deployment of {I}o{V} for Smart Cities: Applications, Architecture, and Challenges}, 
year={2019},
volume={7},
number={},
pages={6473-6492},}

@INPROCEEDINGS{9071695,
author={M. A. {Khan}},
booktitle={2019 IEEE Int. Smart Cities Conf. (ISC2)}, 
title={Fog Computing in {5G} Enabled Smart Cities: Conceptual Framework, Overview and Challenges}, 
year={2019},
volume={},
number={},
pages={438-443},}

@article{tomivcic2019smart,
  title={Smart city initiatives in the context of digital transformation--scope, services and technologies},
  author={Tomi{\v{c}}i{\'c} Pupek, Katarina and Pihir, Igor and Tomi{\v{c}}i{\'c} Furjan, Martina},
  journal={Management: journal of contemporary management issues},
  volume={24},
  number={1},
  pages={39--54},
  year={2019},
  publisher={Sveu{\v{c}}ili{\v{s}}te u Splitu, Ekonomski fakultet}
}

@incollection{cocchia2014smart,
  title={Smart and digital city: A systematic literature review},
  author={Cocchia, Annalisa},
  booktitle={Smart city},
  pages={13--43},
  year={2014},
  publisher={Springer}
}

@article{brandt2018smart,
  title={Smart cities and digitized urban management},
  author={Brandt, Tobias and Ketter, Wolf and Kolbe, Lutz M and Neumann, Dirk and Watson, Richard T},
  year={2018},
  journal={Business \& Information Systems Engineering},
  volume=60,
  pages={193-195},
  publisher={Springer}
}

@inproceedings{sarker2018smart,
  title={Smart governance through bigdata: Digital transformation of public agencies},
  author={Sarker, Md Nazirul Islam and Wu, Min and Hossin, Md Altab},
  booktitle={2018 International Conference on Artificial Intelligence and Big Data (ICAIBD)},
  pages={62--70},
  year={2018},
  organization={IEEE}
}

@book{roy2006government,
  title={E-government in Canada: Transformation for the digital age},
  author={Roy, Jeffrey},
  year={2006},
  publisher={University of Ottawa Press}
}

@article{paskaleva2009enabling,
  title={Enabling the smart city: The progress of city e-governance in Europe},
  author={Paskaleva, Krassimira Antonova},
  journal={International Journal of Innovation and regional development},
  volume={1},
  number={4},
  pages={405--422},
  year={2009},
  publisher={Inderscience Publishers}
}

@article{caragliu2011smart,
  title={Smart cities in Europe},
  author={Caragliu, Andrea and Del Bo, Chiara and Nijkamp, Peter},
  journal={Journal of urban technology},
  volume={18},
  number={2},
  pages={65--82},
  year={2011},
  publisher={Taylor \& Francis}
}

@article{eckhoff2017privacy,
  title={Privacy in the smart city—applications, technologies, challenges, and solutions},
  author={Eckhoff, David and Wagner, Isabel},
  journal=IEEE_O_CSTO,
  volume={20},
  number={1},
  pages={489--516},
  year={2017},
  publisher={IEEE}
}

@article{gaur2015smart,
  title={Smart city architecture and its applications based on {IoT}},
  author={Gaur, Aditya and Scotney, Bryan and Parr, Gerard and McClean, Sally},
  journal={Procedia computer science},
  volume={52},
  pages={1089--1094},
  year={2015},
  publisher={Elsevier}
}


@article{zhang2017security,
  title={Security and privacy in smart city applications: Challenges and solutions},
  author={Zhang, Kuan and Ni, Jianbing and Yang, Kan and Liang, Xiaohui and Ren, Ju and Shen, Xuemin Sherman},
  journal=IEEE_M_COM,
  volume={55},
  number={1},
  pages={122--129},
  year={2017},
  publisher={IEEE}
}

@article{albino2015smart,
  title={Smart cities: Definitions, dimensions, performance, and initiatives},
  author={Albino, Vito and Berardi, Umberto and Dangelico, Rosa Maria},
  journal={Journal of urban technology},
  volume={22},
  number={1},
  pages={3--21},
  year={2015},
  publisher={Taylor \& Francis}
}

@ARTICLE{costa1983dpc,
  author={M. {Costa}},
  journal=IEEE_J_IT, 
  title={Writing on dirty paper (Corresp.)}, 
  year={1983},
  volume={29},
  number={3},
  pages={439-441},
}


@INPROCEEDINGS{lu2020enabling,  
author={H. {Lu} and Y. {Zeng} and S. {Jin} and R. {Zhang}},  
booktitle={IEEE Int. Conf on Commun. ({ICC})},   
title={Enabling Panoramic Full-Angle Reflection Via Aerial Intelligent Reflecting Surface},   
year={2020},  
pages={1-6},
}




@book{shorey2006mobile,
  title={Mobile, wireless, and sensor networks: technology, applications, and future directions},
  author={Shorey, Rajeev and Ananda, A and Chan, Mun Choon and Ooi, Wei Tsang},
  year={2006},
  publisher={John Wiley \& Sons}
}

@article{xiao2010mobile,
  title={Mobile relaying: Coverage extension and throughput enhancement},
  author={Xiao, Lei and Fuja, Thomas E and Costello, Daniel J},
  journal=IEEE_J_COM,
  volume={58},
  number={9},
  pages={2709--2717},
  year={2010},
  publisher={IEEE}
}

@article{chen2018multiple,
  title={Multiple {UAV}s as relays: Multi-hop single link versus multiple dual-hop links},
  author={Chen, Yunfei and Zhao, Nan and Ding, Zhiguo and Alouini, Mohamed-Slim},
  journal=IEEE_J_WCOM,
  volume={17},
  number={9},
  pages={6348--6359},
  year={2018},
}

@article{zhang2018trajectory,
  title={Trajectory optimization and power allocation for multi-hop {UAV} relaying communications},
  author={Zhang, Guangchi and Yan, Haiqiang and Zeng, Yong and Cui, Miao and Liu, Yijun},
  journal={IEEE Access},
  volume={6},
  pages={48566--48576},
  year={2018},
  publisher={IEEE}
}

@ARTICLE{yu2019robust,  
author={X. {Yu} and D. {Xu} and Y. {Sun} and D. W. K. {Ng} and R. {Schober}},  
journal=IEEE_J_JSAC,   
title={Robust and Secure Wireless Communications via Intelligent Reflecting Surfaces},   
year={2020},  
volume={},  
number={},  
pages={},
}

@book{rappaport,
author={T.S. Rappaport},
title={Wireless Communications: Principles and Practice},
edition={2nd},
publisher={Prentice-Hall Inc.},
year=2002
}

@book{haykin,
author={S. Haykin},
title={{Adaptive Filter Theory}},
edition={4th},
publisher={Prentice Hall},
year=2001
}

@book{lee2012digital,
  title={Digital communication},
  author={Lee, Edward A and Messerschmitt, David G},
  year={2012},
  publisher={Springer Science \& Business Media}
}

@article{zhang2017network,
  title={Network slicing based 5{G} and future mobile networks: mobility, resource management, and challenges},
  author={Zhang, Haijun and Liu, Na and Chu, Xiaoli and Long, Keping and Aghvami, Abdol-Hamid and Leung, Victor CM},
  journal=IEEE_M_COM,
  volume={55},
  number={8},
  pages={138--145},
  year={2017},
  publisher={IEEE}
}

@article{foukas2017network,
  title={Network slicing in 5{G}: Survey and challenges},
  author={Foukas, Xenofon and Patounas, Georgios and Elmokashfi, Ahmed and Marina, Mahesh K},
  journal=IEEE_M_COM,
  volume={55},
  number={5},
  pages={94--100},
  year={2017},
  publisher={IEEE}
}

@article{mukherjee2014principles,
  title={Principles of physical layer security in multiuser wireless networks: A survey},
  author={Mukherjee, Amitav and Fakoorian, S Ali A and Huang, Jing and Swindlehurst, A Lee},
  journal=IEEE_O_CSTO,
  volume={16},
  number={3},
  pages={1550--1573},
  year={2014},
  publisher={IEEE}
}

@book{akyildiz2010wireless,
  title={Wireless sensor networks},
  author={Akyildiz, Ian F and Vuran, Mehmet Can},
  volume={4},
  year={2010},
  publisher={John Wiley \& Sons}
}

@article{wu2019weighted,
  title={Weighted sum power maximization for intelligent reflecting surface aided SWIPT},
  author={Wu, Qingqing and Zhang, Rui},
  journal=IEEE_J_WCOML,
  volume={9},
  number={5},
  pages={586--590},
  year={2019},
  publisher={IEEE}
}

@article{zheng2020intelligent,
  title={Intelligent reflecting surface enhanced user cooperation in wireless powered communication networks},
  author={Zheng, Yuan and Bi, Suzhi and Zhang, Ying Jun and Quan, Zhi and Wang, Hui},
  journal=IEEE_J_WCOML,
  volume={9},
  number={6},
  pages={901--905},
  year={2020},
  publisher={IEEE}
}

@ARTICLE{nadeem2019intelligent,  
    author={Q. {Nadeem} and H. {Alwazani} and A. {Kammoun} and A. {Chaaban} and M. {Debbah} and M. {Alouini}},  
    journal={IEEE Open Journal of the Communications Society},   
    title={Intelligent Reflecting Surface-Assisted Multi-User {MISO} Communication: Channel Estimation and Beamforming Design},   
    year={2020},  
    volume={1},  
    number={},  
    pages={661-680},
}

@article{mirza2019channel,
  title={Channel estimation method and phase shift design for reconfigurable intelligent surface assisted {MIMO} networks},
  author={Mirza, Jawad and Ali, Bakhtiar},
  journal={arXiv preprint arXiv:1912.10671},
  year={2019}
}

@article{you2020channel,
  title={Channel estimation and passive beamforming for intelligent reflecting surface: Discrete phase shift and progressive refinement},
  author={You, Changsheng and Zheng, Beixiong and Zhang, Rui},
  journal=IEEE_J_JSAC,
  year={2020},
}

@article{basar2019reconfigurable,
  title={Reconfigurable intelligent surfaces for Doppler effect and multipath fading mitigation},
  author={Basar, Ertugrul and Akyildiz, Ian F},
  journal={arXiv preprint arXiv:1912.04080},
  year={2019}
}

@ARTICLE{Kim2018,  
author={T. {Kim} and K. {Min} and M. {Jung} and S. {Choi}},  
journal=IEEE_J_VT,  
title={Scaling Laws of Optimal Training Lengths for {TDD} Massive{ MIMO} Systems},   
year={2018},  
volume={67},  
number={8},  
pages={7128-7142},
}

@ARTICLE{Marzetta2010,  
author={T. L. {Marzetta}},  
journal=IEEE_J_WCOM,   
title={Noncooperative Cellular Wireless with Unlimited Numbers of Base Station Antennas},   
year={2010},  
volume={9},  
number={11},  
pages={3590-3600},
}

@ARTICLE{pilot2019,  
author={H. {Al-Hraishawi} and G. A. {Aruma Baduge} and H. Q. {Ngo} and E. G. {Larsson}},  
journal=IEEE_J_CCN,   
title={Multi-Cell Massive {MIMO} Uplink With Underlay Spectrum Sharing},   
year={2019},  
volume={5},  
number={1},  
pages={119-137},
}


@INPROCEEDINGS{Jung2019,  
author={M. {Jung} and W. {Saad} and G. {Kong}},  
booktitle={IEEE Global Commun. Conf. (GLOBECOM)},   
title={Spectral Efficiency in Large Intelligent Surfaces: Asymptotic Analysis under Pilot Contamination},   
year={2019},  
volume={},  
number={},  
pages={1-6},
}

@article{Coquet2018, 
author= {Kedi Wu and Philippe Coquet and Qi Jie Wang and Patrice Genevet}, 
title= {Modelling of free-form conformal metasurfaces},
journal={Nature Commun.},
volume={9},
number={3494},
year = {2018}, 
month=aug,
}

@article{Renzo2019, 
author= {Marco Di Renzo and Merouane Debbah and  Dinh-Thuy Phan-Huy and  Alessio Zappone and  Mohamed-Slim Alouini and  Chau Yuen and  Vincenzo Sciancalepore and  George C. Alexandropoulos and  Jakob Hoydis and  Haris Gacanin and  Julien de Rosny and  Ahcene Bounceur and  Geoffroy Lerosey and  Mathias Fink }, 
title= {Smart radio environments empowered by reconfigurable {AI} meta-surfaces: an idea whose time has come},
journal={EURASIP J. Wireless Commun. Net.},
volume={2019},
number={129},
year = {2019}, 
month=may,
}

@ARTICLE{Huang2019,  
author={C. {Huang} and A. {Zappone} and G. C. {Alexandropoulos} and M. {Debbah} and C. {Yuen}},  
journal=IEEE_J_WCOM,   
title={Reconfigurable Intelligent Surfaces for Energy Efficiency in Wireless Communication},   
year={2019},  
volume={18},  
number={8},  
pages={4157-4170},
}

@ARTICLE{8359237,
  author={M. {Alodeh} and D. {Spano} and A. {Kalantari} and C. G. {Tsinos} and D. {Christopoulos} and S. {Chatzinotas} and B. {Ottersten}},
  journal=IEEE_O_CSTO, 
  title={Symbol-Level and Multicast Precoding for Multiuser Multiantenna Downlink: A State-of-the-Art, Classification, and Challenges}, 
  year={2018},
  volume={20},
  number={3},
  pages={1733-1757},}

@ARTICLE{9035662,
  author={A. {Li} and D. {Spano} and J. {Krivochiza} and S. {Domouchtsidis} and C. G. {Tsinos} and C. {Masouros} and S. {Chatzinotas} and Y. {Li} and B. {Vucetic} and B. {Ottersten}},
  journal=IEEE_O_CSTO, 
  title={A Tutorial on Interference Exploitation via Symbol-Level Precoding: Overview, State-of-the-Art and Future Directions}, 
  year={2020},
  volume={22},
  number={2},
  pages={796-839},
  }


@ARTICLE{zappone2020overhead,  
author={A. {Zappone} and M. {Di Renzo} and F. {Shams} and X. {Qian} and M. {Debbah}},
journal=IEEE_J_WCOM,   
title={Overhead-Aware Design of Reconfigurable Intelligent Surfaces in Smart Radio Environments},   
year={2020},  
volume={},  
number={},  
pages={},
}

@inproceedings{welkie2017programmable,
  title={Programmable radio environments for smart spaces},
  author={Welkie, Allen and Shangguan, Longfei and Gummeson, Jeremy and Hu, Wenjun and Jamieson, Kyle},
  booktitle={Proceedings of the 16th ACM Workshop on Hot Topics in Networks},
  pages={36--42},
  year={2017}
}
@article{long2021active,
  title={Active Reconfigurable Intelligent Surface Aided Wireless Communications},
  author={Long, Ruizhe and Liang, Ying-Chang and Pei, Yiyang and Larsson, Erik G},
  journal={IEEE Trans. Wireless Commun.},
  year={2021},
  publisher={IEEE}
}

@article{he2017joint,
  title={Joint optimization of analog beam and user scheduling for millimeter wave communications},
  author={He, Shiwen and Wu, Yongpeng and Ng, Derrick Wing Kwan and Huang, Yongming},
  journal={IEEE Commun. Lett.},
  volume={21},
  number={12},
  pages={2638--2641},
  year={2017},
  publisher={IEEE}
}

@article{you2021reconfigurable,
  title={Reconfigurable intelligent surfaces-assisted multiuser {MIMO} uplink transmission with partial {CSI}},
  author={You, Li and Xiong, Jiayuan and Huang, Yufei and Ng, Derrick Wing Kwan and Pan, Cunhua and Wang, Wenjin and Gao, Xiqi},
  journal={IEEE Trans. Wireless Commun.},
  year={2021},
  publisher={IEEE}
}
@inproceedings{zhao2020joint,
  title={Joint passive beamforming and user association optimization for {IRS}-assisted mmWave systems},
  author={Zhao, Dan and Lu, Hancheng and Wang, Yazheng and Sun, Huan},
  booktitle={GLOBECOM 2020-2020 IEEE Global Commun. Conf.},
  pages={1--6},
  year={2020},
  organization={IEEE}
}
@article{zhao2020intelligent,
  title={Intelligent reflecting surface enhanced wireless networks: Two-timescale beamforming optimization},
  author={Zhao, Ming-Min and Wu, Qingqing and Zhao, Min-Jian and Zhang, Rui},
  journal={IEEE Trans. Wireless Commun.},
  volume={20},
  number={1},
  pages={2--17},
  year={2020},
  publisher={IEEE}
}

@article{nguyen2021machine,
  title={Machine Learning-based Reconfigurable Intelligent Surface-aided {MIMO} Systems},
  author={Nguyen, Nhan Thanh and Nguyen, Ly V and Huynh-The, Thien and Nguyen, Duy HN and Swindlehurst, A Lee and Juntti, Markku},
  journal={arXiv preprint arXiv:2105.00347},
  year={2021}
}
@article{zhang2020capacity,
  title={Capacity characterization for intelligent reflecting surface aided {MIMO} communication},
  author={Zhang, Shuowen and Zhang, Rui},
  journal={IEEE J. Sel. Areas Commun.},
  volume={38},
  number={8},
  pages={1823--1838},
  year={2020},
  publisher={IEEE}
}
@inproceedings{diamanti2021energy,
  title={Energy Efficient Multi-User Communications Aided by Reconfigurable Intelligent Surfaces and {UAV}s},
  author={Diamanti, Maria and Tsampazi, Maria and Tsiropoulou, Eirini Eleni and Papavassiliou, Symeon},
  booktitle={2021 IEEE International Conference on Smart Computing (SMARTCOMP)},
  pages={371--376},
  year={2021},
  organization={IEEE}
}

% References for this paper
@article{wu2019beamforming,
  title={Beamforming optimization for wireless network aided by intelligent reflecting surface with discrete phase shifts},
  author={Wu, Qingqing and Zhang, Rui},
  journal={IEEE Trans. Commun.},
  volume={68},
  number={3},
  pages={1838--1851},
  year={2019},
  publisher={IEEE}
}

@ARTICLE{9140329,
  author={Di Renzo, Marco and Zappone, Alessio and Debbah, Merouane and Alouini, Mohamed-Slim and Yuen, Chau and de Rosny, Julien and Tretyakov, Sergei},
  journal={IEEE Sel. Areas. Commun.}, 
  title={Smart Radio Environments Empowered by Reconfigurable Intelligent Surfaces: How It Works, State of Research, and The Road Ahead}, 
  year={2020},
  volume={38},
  number={11},
  pages={2450-2525},
  doi={10.1109/JSAC.2020.3007211}
  }
 
 @BOOK{Ben:2001,
author = {A.~Ben-Tal and A.~Nemirovski},
title = {Lectures on Modern Convex Optimization.},
publisher = {Philadelphia: MPS-SIAM Series on Optimi., SIAM},
year = {2001}
}

  @ARTICLE{Beck:JGO:10,
author = {A.~Beck and A.~Ben-Tal and L.~Tetruashvili},
title = {A sequential parametric convex approximation method with applications to nonconvex truss topology design problems},
journal = {J. Global. Optim.},
volume = {47},
number = {1},
pages = {29-51},
year = {2010},
month = {May}
}
@article{kisseleff2020reconfigurable,
  title={Reconfigurable intelligent surfaces for smart cities: Research challenges and opportunities},
  author={Kisseleff, Steven and Martins, Wallace A and Al-Hraishawi, Hayder and Chatzinotas, Symeon and Ottersten, Bj{\"o}rn},
  journal={IEEE Open J. Commun. Soc.},
  volume={1},
  pages={1781--1797},
  year={2020},
  publisher={IEEE}
}

@ARTICLE{8796365,
  author={Basar, Ertugrul and Di Renzo, Marco and De Rosny, Julien and Debbah, Merouane and Alouini, Mohamed-Slim and Zhang, Rui},
  journal={IEEE Access}, 
  title={Wireless Communications Through Reconfigurable Intelligent Surfaces}, 
  year={2019},
  volume={7},
  number={},
  pages={116753-116773},
  doi={10.1109/ACCESS.2019.2935192}
  }
  
  @article{liu2021reconfigurable,
  title={Reconfigurable intelligent surfaces: Principles and opportunities},
  author={Liu, Yuanwei and Liu, Xiao and Mu, Xidong and Hou, Tianwei and Xu, Jiaqi and Di Renzo, Marco and Al-Dhahir, Naofal},
  journal={IEEE Commun. Surv. \& Tut.},
  year={2021},
  publisher={IEEE}
}

@ARTICLE{9326394,
  author={Wu, Qingqing and Zhang, Shuowen and Zheng, Beixiong and You, Changsheng and Zhang, Rui},
  journal={IEEE Trans. Commun.}, 
  title={Intelligent Reflecting Surface-Aided Wireless Communications: A Tutorial}, 
  year={2021},
  volume={69},
  number={5},
  pages={3313-3351},
  doi={10.1109/TCOMM.2021.3051897}
  }
  
  @ARTICLE{9343768,
  author={Perović, Nemanja Stefan and Tran, Le-Nam and Di Renzo, Marco and Flanagan, Mark F.},
  journal={IEEE Trans. Wireless Commun.}, 
  title={Achievable Rate Optimization for {MIMO} Systems With Reconfigurable Intelligent Surfaces}, 
  year={2021},
  volume={20},
  number={6},
  pages={3865-3882},
  doi={10.1109/TWC.2021.3054121}
  }
  
  @article{qian2020beamforming,
  title={Beamforming through reconfigurable intelligent surfaces in single-user {MIMO} systems: {SNR} distribution and scaling laws in the presence of channel fading and phase noise},
  author={Qian, Xuewen and Di Renzo, Marco and Liu, Jiang and Kammoun, Abla and Alouini, M-S},
  journal={IEEE Wireless Commun. Lett.},
  volume={10},
  number={1},
  pages={77--81},
  year={2020},
  publisher={IEEE}
}

@article{wu2019intelligent,
  title={Intelligent reflecting surface enhanced wireless network via joint active and passive beamforming},
  author={Wu, Qingqing and Zhang, Rui},
  journal={IEEE Trans. Wireless Commun.},
  volume={18},
  number={11},
  pages={5394--5409},
  year={2019},
  publisher={IEEE}
}

@inproceedings{wu2018intelligent,
  title={Intelligent reflecting surface enhanced wireless network: Joint active and passive beamforming design},
  author={Wu, Qingqing and Zhang, Rui},
  booktitle={2018 IEEE Global Commun. Conf. (GLOBECOM)},
  pages={1--6},
  year={2018},
}

@inproceedings{huang2018achievable,
  title={Achievable rate maximization by passive intelligent mirrors},
  author={Huang, Chongwen and Zappone, Alessio and Debbah, M{\'e}rouane and Yuen, Chau},
  booktitle={2018 IEEE Int. Conf. Acoust. Speech and Signal Process. (ICASSP)},
  pages={3714--3718},
  year={2018},
  organization={IEEE}
}

@article{che2014joint,
  title={Joint optimization of cooperative beamforming and relay assignment in multi-user wireless relay networks},
  author={Che, Enlong and Tuan, Hoang Duong and Nguyen, Ha H},
  journal={IEEE Trans. Wireless Commun.},
  volume={13},
  number={10},
  pages={5481--5495},
  year={2014},
  publisher={IEEE}
}

@ARTICLE{Dinh:TCOMM:2017,
author={V.-D. Nguyen and T. Q. Duong and H. D. Tuan and O.-S. Shin and H. V. Poor},
journal={IEEE Trans. Commun.},
title={Spectral and Energy Efficiencies in Full-Duplex Wireless Information and Power Transfer},
year={2017},
volume={65},
number={5},
pages={2220-2233},
keywords={Array signal processing;Downlink;Receiving antennas;Resource management;Transmitting antennas;Uplink;Wireless communication;Energy harvesting;full-duplex radios;full-duplex self-interference;transmit beamforming;wireless information and power transfer},
doi={10.1109/TCOMM.2017.2665488},
ISSN={0090-6778},
month={May},}

@article{he2021maximizing,
  title={Maximizing the Set Cardinality of Users Scheduled for Ultra-dense {uRLLC} Networks},
  author={He, Shiwen and Yuan, Jun and An, Zhenyu and Yi, Yunshan and Huang, Yongming},
  journal={IEEE Commun. Lett.},
  year={2021},
  publisher={IEEE}
}

@inproceedings{ellingson2021path,
  title={Path loss in reconfigurable intelligent surface-enabled channels},
  author={Ellingson, Steven W},
  booktitle={IEEE Ann. Inter. Symp.  Per., Indoor and Mobile Radio Commun. (PIMRC)},
  pages={829--835},
  year={2021},
  organization={}
}

@article{guan2020intelligent,
  title={Intelligent reflecting surface assisted secrecy communication: Is artificial noise helpful or not?},
  author={Guan, Xinrong and Wu, Qingqing and Zhang, Rui},
  journal={IEEE Wireless Commun. Lett.},
  volume={9},
  number={6},
  pages={778--782},
  year={2020},
  publisher={IEEE}
}

@article{najafi2020physics,
  title={Physics-based modeling and scalable optimization of large intelligent reflecting surfaces},
  author={Najafi, Marzieh and Jamali, Vahid and Schober, Robert and Poor, H Vincent},
  journal={IEEE Trans. Commun.},
  volume={69},
  number={4},
  pages={2673--2691},
  year={2020},
  publisher={IEEE}
}

@article{you2020deploy,
  title={{How to deploy intelligent reflecting surfaces in wireless network: {BS}-side, user-side, or both sides?}},
  author={You, Changsheng and Zheng, Beixiong and Zhang, Rui},
  journal={[Online]: Available at https://arxiv.org/abs/2012.03403},
  year={2020}
}

@inproceedings{ozdogan2020using,
  title={Using intelligent reflecting surfaces for rank improvement in {MIMO} communications},
  author={{\"O}zdogan, {\"O}zgecan and Bj{\"o}rnson, Emil and Larsson, Erik G},
  booktitle={IEEE Int. Conf. on Acoust. Speech and Signal Process. (ICASSP)},
  pages={9160--9164},
  year={2020},
  organization={IEEE}
}

@article{bandi2019joint,
  title={A joint solution for scheduling and precoding in multiuser {MISO} downlink channels},
  author={Bandi, Ashok and Chatzinotas, Symeon and Ottersten, Bj{\"o}rn and others},
  journal={IEEE Trans. Wireless Commun.},
  volume={19},
  number={1},
  pages={475--490},
  year={2019},
  publisher={IEEE}
}

@article{boccardi2014five,
  title={Five disruptive technology directions for {5G}},
  author={Boccardi, Federico and Heath, Robert W and Lozano, Angel and Marzetta, Thomas L and Popovski, Petar},
  journal={IEEE commun. mag.},
  volume={52},
  number={2},
  pages={74--80},
  year={2014},
  publisher={IEEE}
}
@article{pan2022overview,
  title={An overview of signal processing techniques for {RIS/IRS}-aided wireless systems},
  author={Pan, Cunhua and Zhou, Gui and Zhi, Kangda and Hong, Sheng and Wu, Tuo and Pan, Yijin and Ren, Hong and Di Renzo, Marco and Swindlehurst, A Lee and Zhang, Rui and others},
  journal={IEEE J. Sel. Topics Sig. Process.},
  year={2022},
  publisher={IEEE}
}

@article{liu2020joint,
  title={Joint symbol-level precoding and reflecting designs for {IRS}-enhanced {MU-MISO} systems},
  author={Liu, Rang and Li, Ming and Liu, Qian and Swindlehurst, A Lee},
  journal={IEEE Trans. Wireless Commun.},
  volume={20},
  number={2},
  pages={798--811},
  year={2020},
  publisher={IEEE}
}

@article{alodeh2015constructive,
  title={Constructive multiuser interference in symbol level precoding for the {MISO} downlink channel},
  author={Alodeh, Maha and Chatzinotas, Symeon and Ottersten, Bj{\"o}rn},
  journal={IEEE Trans. Sig. process.},
  volume={63},
  number={9},
  pages={2239--2252},
  year={2015},
  publisher={IEEE}
}
@article{alodeh2018symbol,
  title={Symbol-level and multicast precoding for multiuser multiantenna downlink: A state-of-the-art, classification, and challenges},
  author={Alodeh, Maha and Spano, Danilo and Kalantari, Ashkan and Tsinos, Christos G and Christopoulos, Dimitrios and Chatzinotas, Symeon and Ottersten, Bj{\"o}rn},
  journal={IEEE Commun. Surv. \& Tut.},
  volume={20},
  number={3},
  pages={1733--1757},
  year={2018},
  publisher={IEEE}
}

@article{li2020tutorial,
  title={A tutorial on interference exploitation via symbol-level precoding: overview, state-of-the-art and future directions},
  author={Li, Ang and Spano, Danilo and Krivochiza, Jevgenij and Domouchtsidis, Stavros and Tsinos, Christos G and Masouros, Christos and Chatzinotas, Symeon and Li, Yonghui and Vucetic, Branka and Ottersten, Bj{\"o}rn},
  journal={IEEE Commun. Sur. \& Tut.},
  volume={22},
  number={2},
  pages={796--839},
  year={2020},
  publisher={IEEE}
}

@article{alodeh2020joint,
  title={Joint constellation rotation and symbol-level precoding optimization in the downlink of multiuser {MISO} channels},
  author={Alodeh, Maha and Ottersten, Bj{\"o}rn},
  journal={arXiv preprint arXiv:2011.03935},
  year={2020}
}

@article{kisseleff2021symbol,
  title={Symbol-Level Precoding With Constellation Rotation in the Finite Block Length Regime},
  author={Kisseleff, Steven and Martins, Wallace A and Chatzinotas, Symeon and Ottersten, Bj{\"o}rn},
  journal={IEEE Commun. Lett.},
  volume={25},
  number={7},
  pages={2314--2318},
  year={2021},
  publisher={IEEE}
}

@article{di2020reconfigurable,
  title={Reconfigurable intelligent surfaces vs. relaying: Differences, similarities, and performance comparison},
  author={Di Renzo, Marco and Ntontin, Konstantinos and Song, Jian and Danufane, Fadil H and Qian, Xuewen and Lazarakis, Fotis and De Rosny, Julien and Phan-Huy, Dinh-Thuy and Simeone, Osvaldo and Zhang, Rui and others},
  journal={IEEE Open J. Commun. Soc.},
  volume={1},
  pages={798--807},
  year={2020},
  publisher={IEEE}
}
@article{bjornson2022reconfigurable,
  title={Reconfigurable intelligent surfaces: A signal processing perspective with wireless applications},
  author={Bj{\"o}rnson, Emil and Wymeersch, Henk and Matthiesen, Bho and Popovski, Petar and Sanguinetti, Luca and de Carvalho, Elisabeth},
  journal={IEEE Signal Process. Mag.},
  volume={39},
  number={2},
  pages={135--158},
  year={2022},
  publisher={IEEE}
}

@article{jian2022reconfigurable,
  title={Reconfigurable intelligent surfaces for wireless communications: Overview of hardware designs, channel models, and estimation techniques},
  author={Jian, Mengnan and Alexandropoulos, George C and Basar, Ertugrul and Huang, Chongwen and Liu, Ruiqi and Liu, Yuanwei and Yuen, Chau},
  journal={Intelligent and Converged Net.},
  volume={3},
  number={1},
  pages={1--32},
  year={2022},
  publisher={TUP}
}

@inproceedings{makin2022enhancing,
  title={Enhancing physical layer security in large intelligent surface-aided cooperative networks},
  author={Makin, Madi and Arzykulov, Sultangali and Celik, Abdulkadir and Eltawil, Ahmed M and Nauryzbayev, Galymzhan},
  booktitle={2022 IEEE 95th Veh. Technol. Conf.:(VTC2022-Spring)},
  pages={1--6},
  year={2022},
  organization={IEEE}
}

@article{almekhlafi2022enabling,
  title={Enabling {URLLC} Applications Through Reconfigurable Intelligent Surfaces: Challenges and Potential},
  author={Almekhlafi, Mohammed and Arfaoui, Mohamed Amine and Assi, Chadi and Ghrayeb, Ali},
  journal={IEEE Internet of Things Mag},
  volume={5},
  number={1},
  pages={130--135},
  year={2022},
  publisher={IEEE}
}

@inproceedings{zivuku2022maximizing,
  title={Maximizing the Number of Served Users in a Smart City using Reconfigurable Intelligent Surfaces},
  author={Zivuku, Progress and Kisseleff, Steven and Nguyen, Van-Dinh and Ntontin, Konstantinos and Martins, Wallace A and Chatzinotas, Symeon and Ottersten, Bj{\"o}rn},
  booktitle={2022 IEEE Wireless Commun. and Net. Conf. (WCNC)},
  pages={494--499},
  year={2022},
  organization={IEEE}
}
@article{yang2021energy,
  title={Energy-efficient wireless communications with distributed reconfigurable intelligent surfaces},
  author={Yang, Zhaohui and Chen, Mingzhe and Saad, Walid and Xu, Wei and Shikh-Bahaei, Mohammad and Poor, H Vincent and Cui, Shuguang},
  journal={IEEE Trans. Wireless Commun.},
  volume={21},
  number={1},
  pages={665--679},
  year={2021},
  publisher={IEEE}
}

@inproceedings{haqiqatnejad2019approximate,
  title={An approximate solution for symbol-level multiuser precoding using support recovery},
  author={Haqiqatnejad, Alireza and Kayhan, Farbod and Ottersten, Bj{\"o}rn},
  booktitle={2019 IEEE 20th International Workshop on Sig. Process. Adv. Wireless Commun. (SPAWC)},
  pages={1--5},
  year={2019},
  organization={IEEE}
}

@article{bro1997fast,
  title={A fast non-negativity-constrained least squares algorithm},
  author={Bro, Rasmus and De Jong, Sijmen},
  journal={J. Chemometrics: A J. Chemometrics Soc.},
  volume={11},
  number={5},
  pages={393--401},
  year={1997},
  publisher={Wiley Online Library}
}

@article{renzo2019smart,
  title={Smart radio environments empowered by reconfigurable {AI} meta-surfaces: An idea whose time has come},
  author={Renzo, Marco Di and Debbah, Merouane and Phan-Huy, Dinh-Thuy and Zappone, Alessio and Alouini, Mohamed-Slim and Yuen, Chau and Sciancalepore, Vincenzo and Alexandropoulos, George C and Hoydis, Jakob and Gacanin, Haris and others},
  journal={EURASIP J. Wireless Commun. and Net.},
  volume={2019},
  number={1},
  pages={1--20},
  year={2019},
  publisher={Springer}
}
@book{ben2001lectures,
  title={Lectures on modern convex optimization: analysis, algorithms, and engineering applications},
  author={Ben-Tal, Aharon and Nemirovski, Arkadi},
  year={2001},
  publisher={SIAM}
}

@article{shao2020minimum,
  title={Minimum symbol-error probability symbol-level precoding with intelligent reflecting surface},
  author={Shao, Mingjie and Li, Qiang and Ma, Wing-Kin},
  journal={IEEE Wireless Commun. Lett.},
  volume={9},
  number={10},
  pages={1601--1605},
  year={2020},
  publisher={IEEE}
}

@article{liu2021intelligent,
  title={Intelligent reflecting surface based passive information transmission: A symbol-level precoding approach},
  author={Liu, Rang and Li, Ming and Liu, Qian and Swindlehurst, A Lee and Wu, Qingqing},
  journal={IEEE Trans. Veh. Technol.},
  volume={70},
  number={7},
  pages={6735--6749},
  year={2021},
  publisher={IEEE}
}

@article{cheng2021degree,
  title={Degree-of-Freedom of Modulating Information in the Phases of Reconfigurable Intelligent Surface},
  author={Cheng, Hei Victor and Yu, Wei},
  journal={arXiv preprint arXiv:2112.13787},
  year={2021}
}

@article{joham2005linear,
  title={Linear transmit processing in MIMO communications systems},
  author={Joham, Michael and Utschick, Wolfgang and Nossek, Josef A},
  journal={IEEE Trans. sig. Process.},
  volume={53},
  number={8},
  pages={2700--2712},
  year={2005},
  publisher={IEEE}
}

@article{jiang2022interference,
  title={Interference nulling using reconfigurable intelligent surface},
  author={Jiang, Tao and Yu, Wei},
  journal={IEEE J. Sel. Areas in Commun.},
  volume={40},
  number={5},
  pages={1392--1406},
  year={2022},
  publisher={IEEE}
}



@article{clerckx2023primer,
  title={A primer on rate-splitting multiple access: Tutorial, myths, and frequently asked questions},
  author={Clerckx, Bruno and Mao, Yijie and Jorswieck, Eduard A and Yuan, Jinhong and Love, David J and Erkip, Elza and Niyato, Dusit},
  journal={IEEE J. Sel. Areas in Commun.},
  year={2023},
  publisher={IEEE}
}

@article{swindlehurst2022channel,
  title={Channel Estimation With Reconfigurable Intelligent Surfaces--A General Framework},
  author={Swindlehurst, A Lee and Zhou, Gui and Liu, Rang and Pan, Cunhua and Li, Ming},
  journal={Proceedings of the IEEE},
  year={2022},
  publisher={IEEE}
}

@ARTICLE{9110587,
  author={Zhou, Gui and Pan, Cunhua and Ren, Hong and Wang, Kezhi and Renzo, Marco Di and Nallanathan, Arumugam},
  journal={IEEE Wireless Commun. Lett.}, 
  title={Robust Beamforming Design for Intelligent Reflecting Surface Aided MISO Communication Systems}, 
  year={2020},
  volume={9},
  number={10},
  pages={1658-1662},
  doi={10.1109/LWC.2020.3000490}}

@ARTICLE{9984648,
  author={Chen, Quan and Fang, Shu and Liao, Sikai and Wang, Zihao and He, Zhiqiang and Xiao, Yue},
  journal={IEEE Commun. Lett.}, 
  title={Phase Rotation Assisted Interference Exploitation Precoding With Finite Block Length for MU-MIMO Systems}, 
  year={2023},
  volume={27},
  number={2},
  pages={731-735},
  doi={10.1109/LCOMM.2022.3229181}}