@inproceedings{Kaufman:2007,
  title = {Sparse Random Linear Codes Are Locally Decodable and Testable},
  booktitle = {48th {{Annual IEEE Symposium}} on {{Foundations}} of {{Computer Science}} ({{FOCS}}'07)},
  author = {Kaufman, Tali and Sudan, Madhu},
  year = {2007},
  month = oct,
  pages = {590--600},
  issn = {0272-5428},
  doi = {10.1109/FOCS.2007.8},
  keywords = {Binary codes,Computer science,Decoding,Encoding,Error correction codes,Linear code,Probes,Testing,USA Councils}
}


@article{Wolf:1965,
  title = {On Codes Derivable from the Tensor Product of Check Matrices},
  author = {Wolf, J.},
  year = {1965},
  month = apr,
  journal = {IEEE Transactions on Information Theory},
  volume = {11},
  number = {2},
  pages = {281--284},
  issn = {1557-9654},
  doi = {10.1109/TIT.1965.1053771}
}


@inproceedings{Polishchuk:1994,
  title = {Nearly-Linear Size Holographic Proofs},
  booktitle = {Proceedings of the Twenty-Sixth Annual {{ACM}} Symposium on {{Theory}} of {{Computing}}},
  author = {Polishchuk, Alexander and Spielman, Daniel A.},
  year = {1994},
  month = may,
  series = {{{STOC}} '94},
  pages = {194--203},
  publisher = {{Association for Computing Machinery}},
  address = {{New York, NY, USA}},
  doi = {10.1145/195058.195132},
  isbn = {978-0-89791-663-9}
}




@article{Meir:2012,
  title = {On the rectangle method in proofs of robustness of tensor products},
  author = {Meir, Or},
  year = {2012},
  month = mar,
  journal = {Information Processing Letters},
  volume = {112},
  number = {6},
  pages = {257--260},
  issn = {0020-0190},
  doi = {10.1016/j.ipl.2011.11.007},
  url = {https://www.sciencedirect.com/science/article/pii/S0020019011003115},
  urldate = {2022-05-30},
  langid = {english},
  keywords = {Locally testable codes,LTC,Product code,Robust,Robustness,Tensor product,Theory of computation}
}





@article{Chien:1973,
  title = {Dual Product Codes for Correction of Multiple Low-Density Burst Errors},
  author = {Chien, R. and Ng, S.},
  year = {1973},
  month = sep,
  journal = {IEEE Transactions on Information Theory},
  volume = {19},
  number = {5},
  pages = {672--677},
  issn = {1557-9654},
  doi = {10.1109/TIT.1973.1055085}
}





@ARTICLE{Barg&Forney:2002,
  author={A. {Barg} and G. D. {Forney}},
  journal={IEEE Transactions on Information Theory}, 
  title={Random codes: minimum distances and error exponents}, 
  year={2002},
  volume={48},
  number={9},
  pages={2568-2573},
  doi={10.1109/TIT.2002.800480}}




@article{Aharonov:2015,
  title = {Quantum Locally Testable Codes},
  author = {Aharonov, Dorit and Eldar, Lior},
  year = {2015},
  month = jan,
  journal = {SIAM Journal on Computing},
  volume = {44},
  number = {5},
  pages = {1230--1262},
  publisher = {{Society for Industrial and Applied Mathematics}},
  issn = {0097-5397},
  doi = {10.1137/140975498},
  keywords = {81P40,81P45,81P68,81P70,locally testable codes,quantum error correcting codes,quantum PCP,stabilizer codes}
}



@article{Aydin:2001,
  title = {The Structure of 1-Generator Quasi-Twisted Codes and New Linear Codes},
  author = {Aydin, Nuh and Siap, Irfan and {Ray-Chaudhuri}, Dijen K.},
  year = {2001},
  month = dec,
  journal = {Designs, Codes and Cryptography},
  volume = {24},
  number = {3},
  pages = {313--326},
  issn = {1573-7586},
  doi = {10.1023/A:1011283523000},
  language = {en}
}


@book{Berlekamp:1968,
  title = {Algebraic Coding Theory},
  author = {Berlekamp, Elwyn R},
  year = {1968},
  publisher = {{McGraw-Hill}},
  address = {{New York}},
  isbn = {978-0-07-004903-1},
  language = {English},
  annotation = {OCLC: 256659}
}



@article{Breuckmann:balanced:2021,
  title = {Balanced Product Quantum Codes},
  author = {Breuckmann, Nikolas P. and Eberhardt, Jens N.},
  year = {2021},
  month = oct,
  journal = {IEEE Transactions on Information Theory},
  volume = {67},
  number = {10},
  pages = {6653--6674},
  issn = {1557-9654},
  doi = {10.1109/TIT.2021.3097347},
  keywords = {Encoding,Graph theory,Parity check codes,Product codes,Quantum codes,quantum error-correction,quantum fault-tolerance,Quantum mechanics,Qubit,Tools}
}



@article{Dinur:2007,
  title = {The {PCP} theorem by gap amplification},
  author = {Dinur, Irit},
  year = {2007},
  month = jun,
  journal = {Journal of the ACM},
  volume = {54},
  number = {3},
  pages = {12--es},
  issn = {0004-5411},
  doi = {10.1145/1236457.1236459},
  keywords = {Gap amplification,PCP}
}


@book{Brown:1982,
  title = {Cohomology of {{Groups}}},
  author = {Brown, Kenneth S.},
  year = {1982},
  series = {Graduate {{Texts}} in {{Mathematics}}},
  volume = {87},
  publisher = {{Springer}},
  address = {{New York, NY}},
  doi = {10.1007/978-1-4684-9327-6},
  urldate = {2023-06-11},
  isbn = {978-1-4684-9329-0 978-1-4684-9327-6},
  langid = {english},
  keywords = {Abelian group,Cohomology,Groups,Gruppe (Math.),Kohomologie},
}





@article{Kitaev:2002,
  title = {Topological Quantum Memory},
  author = {Dennis, Eric and Kitaev, Alexei and Landahl, Andrew and Preskill, John},
  year = {2002},
  journal = {Journal of Mathematical Physics},
  volume = {43},
  number = {9},
  eprint = {https://doi.org/10.1063/1.1499754},
  pages = {4452--4505},
  doi = {10.1063/1.1499754}
}



@article{Eldar:2017a,
  title = {Local Hamiltonians Whose Ground States are Hard to Approximate},
  author = {Eldar, Lior and Harrow, Aram W.},
  year = {2017},
  month = oct,
  journal = {2017 IEEE 58th Annual Symposium on Foundations of Computer Science (FOCS)},
  eprint = {1510.02082},
  eprinttype = {arxiv},
  pages = {427--438},
  doi = {10.1109/FOCS.2017.46},
  archiveprefix = {arXiv},
  keywords = {Quantum Physics}
}



@inproceedings{Eldar:2017,
  title = {Local Hamiltonians Whose Ground States Are Hard to Approximate},
  booktitle = {2017 IEEE 58th Annual Symposium on Foundations of Computer Science (FOCS)},
  author = {Eldar, Lior and Harrow, Aram W.},
  year = {2017},
  month = oct,
  pages = {427--438},
  issn = {0272-5428},
  doi = {10.1109/FOCS.2017.46},
  keywords = {Complexity theory,Graph theory,highdimensional expander,NLTS,PCP,Quantum entanglement,robust codes,Robustness,Stationary state}
}


@article{Haah:2011,
  title = {Local stabilizer codes in three dimensions without string logical operators},
  author = {Haah, Jeongwan},
  year = {2011},
  month = apr,
  journal = {Physical Review A},
  volume = {83},
  number = {4},
  pages = {042330},
  publisher = {American Physical Society},
  doi = {10.1103/PhysRevA.83.042330}
}



@inproceedings{Hagiwara:2007,
  title = {Quantum quasi-cyclic {LDPC} codes},
  booktitle = {2007 IEEE international symposium on information theory},
  author = {Hagiwara, M. and Imai, H.},
  year = {2007},
  month = jun,
  pages = {806--810},
  issn = {2157-8095},
  doi = {10.1109/ISIT.2007.4557323},
  keywords = {algebraic codes,algebraic combinatorics,Cascading style sheets,Combinatorial mathematics,Construction industry,cyclic codes,error correction codes,Error correction codes,Information security,Linear code,parity check codes,Parity check codes,quantum error-correcting code,Quantum mechanics,quasi-cyclic LDPC codes,Symmetric matrices,Vectors}
}



@article{Jia:2012,
  title = {On quasi-twisted codes over finite fields},
  author = {Jia, Yan},
  year = {2012},
  month = mar,
  journal = {Finite Fields and Their Applications},
  volume = {18},
  number = {2},
  pages = {237--257},
  issn = {1071-5797},
  doi = {10.1016/j.ffa.2011.08.001},
  language = {en},
  keywords = {Construction,Finite field,Generalized discrete Fourier transform,Nonrepeated-root case,Quasi-twisted code,Repeated-root case}
}



@article{Kaufman:2016,
  title = {Isoperimetric Inequalities for Ramanujan Complexes and Topological Expanders},
  author = {Kaufman, Tali and Kazhdan, David and Lubotzky, Alexander},
  year = {2016},
  month = feb,
  journal = {Geometric and Functional Analysis},
  volume = {26},
  number = {1},
  pages = {250--287},
  issn = {1420-8970},
  doi = {10.1007/s00039-016-0362-y},
  language = {en}
}



@article{Kovalev:2013,
  title = {Quantum Kronecker sum-product low-density parity-check codes with finite rate},
  author = {Kovalev, Alexey A. and Pryadko, Leonid P.},
  year = {2013},
  month = jul,
  journal = {Physical Review A},
  volume = {88},
  number = {1},
  pages = {012311},
  publisher = {American Physical Society},
  doi = {10.1103/PhysRevA.88.012311}
}




@misc{Hastings:2021,
  title = {On Quantum Weight Reduction},
  author = {Hastings, M. B.},
  year = {2021},
  month = sep,
  journal = {arXiv:2102.10030 [quant-ph]},
  eprint = {2102.10030},
  eprinttype = {arxiv},
  primaryclass = {quant-ph},
  url = {http://arxiv.org/abs/2102.10030},
  urldate = {2021-10-17},
  archiveprefix = {arXiv},
  keywords = {Quantum Physics}
}





@article{Lv:2020,
  title = {Constructions of quasi-twisted quantum codes},
  author = {Lv, Jingjie and Li, Ruihu and Wang, Junli},
  year = {2020},
  month = jul,
  journal = {Quantum Information Processing},
  volume = {19},
  number = {8},
  pages = {274},
  issn = {1573-1332},
  doi = {10.1007/s11128-020-02742-1},
  language = {en}
}



@article{qldpc,
  title = {Sparse-graph codes for quantum error correction},
  author = {MacKay, D. J. C. and Mitchison, G. and McFadden, P. L.},
  year = {2004},
  month = oct,
  journal = {IEEE Transactions on Information Theory},
  volume = {50},
  number = {10},
  pages = {2315--2330},
  issn = {0018-9448},
  doi = {10.1109/TIT.2004.834737},
  keywords = {block codes,block length,channel coding,classical channel,decoding,Decoding,error correction codes,Error correction codes,Geometry,graph theory,Information rates,Information theory,Laboratories,Noise level,parity check codes,Parity check codes,Physics,probabilistic decoding,quantum computing,quantum error-correction,Quantum mechanics,sparse matrices,sparse-graph code}
}




@inproceedings{Leverrier:2015,
  title = {Quantum Expander Codes},
  booktitle = {2015 IEEE 56th Annual Symposium on Foundations of Computer Science},
  author = {Leverrier, Anthony and Tillich, Jean-Pierre and Z{\'e}mor, Gilles},
  year = {2015},
  month = oct,
  pages = {810--824},
  issn = {0272-5428},
  doi = {10.1109/FOCS.2015.55},
  keywords = {CSS codes,Decoding,Expander codes,Generators,Graph theory,Iterative decoding,LDPC codes,quantum codes,Quantum computing,Robustness}
}





@article{Panteleev&Kalachev:2021,
  title = {Quantum {LDPC} Codes with Almost Linear Minimum Distance},
  author = {Panteleev, Pavel and Kalachev, Gleb},
  year = {2021},
  journal = {IEEE Transactions on Information Theory},
  pages = {1--1},
  issn = {1557-9654},
  doi = {10.1109/TIT.2021.3119384},
  keywords = {chain complex,Codecs,Codes,CSS code,Graph theory,hypergraph product code,Parity check codes,Product codes,quantum LDPC,Quantum mechanics,quasi-cyclic (QC) LDPC,Sparse matrices}
}



@article{LTC:2006,
  title = {Locally testable codes and PCPs of almost-linear length},
  author = {Goldreich, Oded and Sudan, Madhu},
  year = {2006},
  month = jul,
  journal = {Journal of the ACM},
  volume = {53},
  number = {4},
  pages = {558--655},
  issn = {0004-5411},
  doi = {10.1145/1162349.1162351},
  url = {https://doi.org/10.1145/1162349.1162351},
  urldate = {2022-06-02},
  keywords = {derandomization,error-correcting codes,probabilistically checkable proofs,Proof verification}
}









@article{Breuckmann:2021,
  title = {Quantum Low-Density Parity-Check Codes},
  author = {Breuckmann, Nikolas P. and Eberhardt, Jens Niklas},
  year = {2021},
  month = oct,
  journal = {PRX Quantum},
  volume = {2},
  number = {4},
  pages = {040101},
  publisher = {American Physical Society},
  doi = {10.1103/PRXQuantum.2.040101}
}







@article{Tillich&Zemor:2014,
  title = {Quantum {LDPC} codes with positive rate and minimum distance proportional to the square root of the blocklength},
  author = {Tillich, J. and Z{\'e}mor, G.},
  year = {2014},
  month = feb,
  journal = {IEEE Transactions on Information Theory},
  volume = {60},
  number = {2},
  pages = {1193--1202},
  issn = {0018-9448},
  doi = {10.1109/TIT.2013.2292061},
  keywords = {asymptotic lower bound,Cascading style sheets,CSS codes,Decoding,fixed nonzero rate,LDPC codes,parity check codes,Parity check codes,quantum codes,quantum communication,Quantum computing,quantum LDPC codes,Quantum mechanics,Sparse matrices,Vectors}
}


@book{gallager1963,
  title = {Low-density parity-check codes},
  author = {Gallager, R. G.},
  year = {1963},
  publisher = {M.I.T. Press, Cambridge, MA},
  owner = {admin},
  timestamp = {2013.01.29}
}




@misc{Leverrier:2021a,
  title = {Towards local testability for quantum coding},
  author = {Leverrier, Anthony and Londe, Vivien and Z{\'e}mor, Gilles},
  year = {2021},
  month = mar,
  journal = {arXiv:1911.03069 [quant-ph]},
  eprint = {1911.03069},
  eprinttype = {arxiv},
  primaryclass = {quant-ph},
  url = {http://arxiv.org/abs/1911.03069},
  urldate = {2021-10-02},
  archiveprefix = {arXiv},
  keywords = {Computer Science - Information Theory,Mathematics - Geometric Topology,Quantum Physics}
}



@article{Pryadko:2019,
  title = {Higher-dimensional quantum hypergraph-product codes with finite rates},
  author = {Zeng, Weilei and Pryadko, Leonid P.},
  year = {2019},
  month = jun,
  journal = {Physical Review Letters},
  volume = {122},
  number = {23},
  pages = {230501},
  publisher = {American Physical Society},
  doi = {10.1103/PhysRevLett.122.230501}
}



@inproceedings{Bravyi:HMP:2014,
  title = {Homological product codes},
  booktitle = {Proceedings of the forty-sixth annual ACM symposium on theory of computing},
  author = {Bravyi, Sergey and Hastings, Matthew B.},
  year = {2014},
  series = {STOC '14},
  pages = {273--282},
  publisher = {ACM},
  address = {New York, NY, USA},
  doi = {10.1145/2591796.2591870},
  acmid = {2591870},
  isbn = {978-1-4503-2710-7},
  keywords = {homology theory,quantum error correcting codes}
}





@incollection{Hastings:2021:fiber,
  shorttitle = {Fiber bundle codes},
  booktitle = {Proceedings of the 53rd Annual ACM SIGACT Symposium on Theory of Computing},
  author = {Hastings, Matthew B. and Haah, Jeongwan and O'Donnell, Ryan},
  year = {2021},
  month = jun,
  pages = {1276--1288},
  publisher = {Association for Computing Machinery},
  address = {New York, NY, USA},
  isbn = {978-1-4503-8053-9},
  keywords = {expanders,fiber bundle,homological product,quantum LDPC codes},
  title = {Fiber bundle codes: breaking the {$N^{1/2} \operatorname{polylog}(N)$} barrier for Quantum {LDPC} codes}
}






@article{Panteleev&Kalachev:2019,
  title = {Degenerate Quantum {LDPC} Codes With Good Finite Length Performance},
  author = {Panteleev, Pavel and Kalachev, Gleb},
  year = {2021},
  month = nov,
  journal = {Quantum},
  volume = {5},
  pages = {585},
  publisher = {Verein zur F\"orderung des Open Access Publizierens in den Quantenwissenschaften},
  doi = {10.22331/q-2021-11-22-585},
  url = {https://quantum-journal.org/papers/q-2021-11-22-585/},
  urldate = {2021-11-22},
  langid = {british}
}




@article{Sipser:1996,
  title = {Expander codes},
  author = {Sipser, M. and Spielman, D.A.},
  year = {1996},
  month = nov,
  journal = {IEEE Transactions on Information Theory},
  volume = {42},
  number = {6},
  pages = {1710--1722},
  issn = {1557-9654},
  doi = {10.1109/18.556667},
  keywords = {Algorithm design and analysis,Bipartite graph,Circuits,Computational modeling,Decoding,Error correction codes,Fault tolerance,Graph theory,Linear code,Parity check codes}
}



@article{Tanner:1981,
  title = {A recursive approach to low complexity codes},
  author = {Tanner, R.},
  year = {1981},
  journal = {Information Theory, IEEE Transactions on},
  volume = {27},
  number = {5},
  pages = {533--547},
  owner = {admin},
  timestamp = {2013.01.29}
}




@incollection{Hilton:1960,
  title = {Homology Theory of a Simplicial Complex},
  booktitle = {Homology Theory: An Introduction to Algebraic Topology},
  author = {Hilton, P. J. and Wylie, S.},
  year = {1960},
  pages = {53--94},
  publisher = {Cambridge University Press},
  address = {Cambridge},
  doi = {10.1017/CBO9780511569289.004},
  urldate = {2021-11-03},
  isbn = {978-0-521-09422-1}
}



@book{McMullen:2002,
  title = {Abstract Regular Polytopes},
  author = {McMullen, Peter and Schulte, Egon},
  year = {2002},
  month = dec,
  publisher = {Cambridge University Press},
  googlebooks = {JfmlMYe6MJgC},
  isbn = {978-0-521-81496-6},
  langid = {english},
  keywords = {Mathematics / Combinatorics,Mathematics / Geometry / Algebraic,Mathematics / Geometry / General,Mathematics / Mathematical Analysis,Mathematics / Topology}
}







@article{Hoory:2006,
  author = {Hoory, Shlomo and Linial, Nathan and Wigderson, Avi},
  doi = {10.1090/s0273-0979-06-01126-8},
  issn = {0273-0979},
  journal = {Bull. Amer. Math. Soc.},
  keywords = {aks algorithm alon-boppana eigenvalues expander graph.theory non-backtracking ramanujan random.walk serre sorting sorting.network survey},
  month = Aug,
  number = 04,
  pages = {439--562},
  publisher = {American Mathematical Society (AMS)},
  title = {Expander Graphs and Their Applications},
  volume = 43,
  year = 2006
}




@misc{Dikstein:2020,
  title = {Locally testable codes via high-dimensional expanders},
  author = {Dikstein, Yotam and Dinur, Irit and Harsha, Prahladh and {Ron-Zewi}, Noga},
  year = {2020},
  month = may,
  journal = {arXiv:2005.01045 [cs]},
  eprint = {2005.01045},
  eprinttype = {arxiv},
  primaryclass = {cs},
  url = {http://arxiv.org/abs/2005.01045},
  urldate = {2021-10-17},
  archiveprefix = {arXiv},
  keywords = {Computer Science - Computational Complexity}
}




@article{Alon:1988,
  title = {Explicit construction of linear sized tolerant networks},
  author = {Alon, N. and Chung, F. R. K.},
  year = {1988},
  month = dec,
  journal = {Discrete Mathematics},
  volume = {72},
  number = {1},
  pages = {15--19},
  issn = {0012-365X},
  doi = {10.1016/0012-365X(88)90189-6},
  language = {en}
}



@book{Gross-Tucker:1987,
   title =     {Topological graph theory},
   author =    {Gross, Jonathan L. and Tucker, Thomas W.},
   publisher = {Wiley},
   isbn =      {0471049263},
   year =      {1987},
   series =    {Wiley-Interscience Series in Discrete Mathematics and Optimization},
}


@article{Agarwal:2019,
author = {Agarwal, Naman and Chandrasekaran, Karthekeyan and Kolla, Alexandra and Madan, Vivek},
title = {On the Expansion of Group-Based Lifts},
journal = {SIAM Journal on Discrete Mathematics},
volume = {33},
number = {3},
pages = {1338--1373},
year = {2019},
doi = {10.1137/17M1141047},
URL = {https://doi.org/10.1137/17M1141047},
eprint = {https://doi.org/10.1137/17M1141047}
}




@inproceedings{Friedman:2003,
author = {Friedman, Joel},
title = {A Proof of {Alon's} Second Eigenvalue Conjecture},
year = {2003},
isbn = {1581136749},
publisher = {Association for Computing Machinery},
address = {New York, NY, USA},
url = {https://doi.org/10.1145/780542.780646},
doi = {10.1145/780542.780646},
abstract = {A d-regular graph has largest or first (adjacency matrix) eigenvalue λ1 = d. In this paper we show the following conjecture of Alon. Fix an integer d > 2 and a real ε > 0. Then for sufficiently large n we have that "most" d-regular graphs on n vertices have all their eigenvalues except λ1 = d bounded above by 2√d-1 + ε. Our methods, being trace methods, also bound those eigenvalues below by -2√d-1 - ε.},
booktitle = {Proceedings of the Thirty-Fifth Annual ACM Symposium on Theory of Computing},
pages = {720--724},
numpages = {5},
keywords = {random graphs, eigenvalues, expanders},
location = {San Diego, CA, USA},
series = {STOC '03}
}



@incollection{Lubotzky:2018,
  title = {High dimensional expanders},
  booktitle = {Proceedings of the International Congress of Mathematicians (ICM 2018)},
  author = {Lubotzky, Alexander},
  year = {2018},
  month = jun,
  pages = {705--730},
  publisher = {WORLD SCIENTIFIC},
  doi = {10.1142/9789813272880_0027},
  isbn = {978-981-327-287-3}
}




@article{Dotterrer:2012,
  title = {Coboundary expanders},
  author = {Dotterrer, Dominic and Kahle, Matthew},
  year = {2012},
  month = dec,
  journal = {Journal of Topology and Analysis},
  volume = {04},
  number = {04},
  pages = {499--514},
  publisher = {World Scientific Publishing Co.},
  issn = {1793-5253},
  doi = {10.1142/S1793525312500197},
  url = {https://www.worldscientific.com/doi/10.1142/S1793525312500197},
  urldate = {2021-10-20},
  keywords = {Expander graphs,isoperimetry,random graphs}
}


@article{Lubotzky:1988,
  title = {Ramanujan graphs},
  author = {Lubotzky, A. and Phillips, R. and Sarnak, P.},
  year = {1988},
  month = sep,
  journal = {Combinatorica},
  volume = {8},
  number = {3},
  pages = {261--277},
  issn = {1439-6912},
  doi = {10.1007/BF02126799},
  url = {https://doi.org/10.1007/BF02126799},
  urldate = {2021-10-20},
  langid = {english}
}



@book{Davidoff:2003,
  title = {Elementary Number Theory, Group Theory and Ramanujan Graphs},
  author = {Davidoff, Giuliana and Sarnak, Peter and Valette, Alain},
  year = {2003},
  series = {London Mathematical Society Student Texts},
  publisher = {Cambridge University Press},
  address = {Cambridge},
  doi = {10.1017/CBO9780511615825},
  urldate = {2021-10-20},
  isbn = {978-0-521-82426-2}
}





@article{Margulis:1988,
  title = {Explicit group-theoretical constructions of combinatorial schemes and their application to the design of expanders and concentrators},
  author = {Margulis, Grigorii Aleksandrovich},
  year = {1988},
  journal = {Problemy peredachi informatsii},
  volume = {24},
  number = {1},
  pages = {51--60},
  publisher = {Russian Academy of Sciences, Branch of Informatics, Computer Equipment and \ldots}
}






@inproceedings{Kaufman:2014,
  title = {Ramanujan Complexes and Bounded Degree Topological Expanders},
  booktitle = {2014 IEEE 55th Annual Symposium on Foundations of Computer Science},
  author = {Kaufman, Tali and Kazhdan, David and Lubotzky, Alexander},
  year = {2014},
  month = oct,
  pages = {484--493},
  issn = {0272-5428},
  doi = {10.1109/FOCS.2014.58},
  keywords = {Buildings,Computer science,Educational institutions,Graph theory,high dimensional expanders,Lattices,Measurement,Ramanujan complexes,Stress,topological expanders,topological overlapping}
}





@incollection{Deza:2013o,
  title = {Distances in Algebra},
  booktitle = {Encyclopedia of Distances},
  author = {Deza, Michel Marie and Deza, Elena},
  editor = {Deza, Michel Marie and Deza, Elena},
  year = {2013},
  pages = {183--195},
  publisher = {Springer},
  address = {Berlin, Heidelberg},
  doi = {10.1007/978-3-642-30958-8_10},
  isbn = {978-3-642-30958-8},
  language = {en},
  keywords = {Banach Lattice,Cayley Graph,Group Norm,Heisenberg Group,Riesz Space}
}



@inproceedings{Kaufman:2014a,
  title = {High dimensional expanders and property testing},
  booktitle = {Proceedings of the 5th conference on Innovations in theoretical computer science},
  author = {Kaufman, Tali and Lubotzky, Alexander},
  year = {2014},
  month = jan,
  series = {ITCS '14},
  pages = {501--506},
  publisher = {Association for Computing Machinery},
  address = {New York, NY, USA},
  doi = {10.1145/2554797.2554842},
  isbn = {978-1-4503-2698-8},
  keywords = {high dimensional expanders,property testing}
}




@misc{Meshulam:2018,
  title = {Graph codes and local systems},
  author = {Meshulam, Roy},
  year = {2018},
  month = mar,
  url = {https://arxiv.org/abs/1803.05643v1},
}














@incollection{Goldreich:2010,
  title = {Short Locally Testable Codes and Proofs: A Survey in Two Parts},
  shorttitle = {Short Locally Testable Codes and Proofs},
  booktitle = {Property Testing: Current Research and Surveys},
  author = {Goldreich, Oded},
  editor = {Goldreich, Oded},
  year = {2010},
  series = {Lecture Notes in Computer Science},
  pages = {65--104},
  publisher = {Springer},
  address = {Berlin, Heidelberg},
  doi = {10.1007/978-3-642-16367-8_6},
  isbn = {978-3-642-16367-8},
  language = {en},
  keywords = {Local Testability,Oracle Access,Private Information Retrieval,Query Complexity,Testable Code}
}




@incollection{Freedman:2002:best-code,
  author      = "Freedman, Michael H and Meyer, David A and Luo, Feng",
  title       = "$\mathbb{Z}_2$-systolic freedom and quantum codes",
  editor      = "Ranee K. Brylinski and Goong Chen",
  booktitle   = "Mathematics of quantum computation",
  publisher   = "Chapman \& Hall/CRC",
  address     = "New York",
  year        = 2002,
  pages       = "287--320",
  chapter     = 12,
}

@InProceedings{Tillich&Zemor:2009,
  author    = {J. {Tillich} and G. {Z\'emor}},
  title     = {Quantum {LDPC} codes with positive rate and minimum distance proportional to $n^{1/2}$},
  booktitle = {2009 IEEE International Symposium on Information Theory},
  year      = {2009},
  pages     = {799-803},
  month     = {June},
  doi       = {10.1109/ISIT.2009.5205648},
  issn      = {2157-8095},
  keywords  = {graph theory;parity check codes;quantum LDPC codes;positive rate;minimum distance;asymptotic lower bound;fixed nonzero rate;block length;Parity check codes;Quantum computing;Decoding;Computer errors;Quantum mechanics;Error correction codes;Delay effects;Computer displays;Protection;Fault diagnosis},
}

@inproceedings{Evra:2020,
  title = {Decodable Quantum {{LDPC}} Codes beyond the Square Root Distance Barrier Using High Dimensional Expanders},
  booktitle = {2020 {{IEEE}} 61st {{Annual Symposium}} on {{Foundations}} of {{Computer Science}} ({{FOCS}})},
  author = {Evra, Shai and Kaufman, Tali and Z{\'e}mor, Gilles},
  year = {2020},
  month = nov,
  pages = {218--227},
  issn = {2575-8454},
  doi = {10.1109/FOCS46700.2020.00029},
  keywords = {Cascading style sheets,Decoding,expander,Graph theory,Parity check codes,Quantum code,Quantum mechanics,Qubit,Ramanujan Complex,Sparse matrices}
}


@incollection{Kaufman:2021,
  booktitle = {Proceedings of the 53rd {{Annual ACM SIGACT Symposium}} on {{Theory}} of {{Computing}}},
  author = {Kaufman, Tali and Tessler, Ran J.},
  year = {2021},
  month = jun,
  pages = {1317--1329},
  publisher = {{Association for Computing Machinery}},
  address = {{New York, NY, USA}},
  isbn = {978-1-4503-8053-9},
  keywords = {Cosystolic Expanders,Quantum codes,Ramanujan Complexes)},
  title = {New Cosystolic Expanders from Tensors Imply Explicit {{Quantum LDPC}} Codes with  {$\Omega(\sqrt{n}\log^k n)$} Distance}
}


@article{Guth:2014,
  title = {Quantum error correcting codes and 4-dimensional arithmetic hyperbolic manifolds},
  author = {Guth, Larry and Lubotzky, Alexander},
  year = {2014},
  month = aug,
  journal = {Journal of Mathematical Physics},
  volume = {55},
  number = {8},
  pages = {082202},
  publisher = {American Institute of Physics},
  issn = {0022-2488},
  doi = {10.1063/1.4891487}
}








@inproceedings{Bohdanowicz:2019,
  title = {Good approximate quantum {LDPC} codes from spacetime circuit Hamiltonians},
  booktitle = {Proceedings of the 51st Annual ACM SIGACT Symposium on Theory of Computing},
  author = {Bohdanowicz, Thomas C. and Crosson, Elizabeth and Nirkhe, Chinmay and Yuen, Henry},
  year = {2019},
  month = jun,
  series = {STOC 2019},
  pages = {481--490},
  publisher = {Association for Computing Machinery},
  address = {New York, NY, USA},
  doi = {10.1145/3313276.3316384},
  url = {https://doi.org/10.1145/3313276.3316384},
  urldate = {2021-11-26},
  isbn = {978-1-4503-6705-9},
  keywords = {error-correcting codes,Hamiltonian complexity,low-density parity check,quantum computing}
}



@article{Bacon:2017,
  title = {Sparse quantum codes from quantum circuits},
  author = {Bacon, D. and Flammia, S. T. and Harrow, A. W. and Shi, J.},
  year = {2017},
  journal = {IEEE Transactions on Information Theory},
  volume = {63},
  number = {4},
  pages = {2464--2479},
  doi = {10.1109/TIT.2017.2663199}
}



@book{MacWilliams:1977,
  title = {The Theory of Error-Correcting Codes},
  author = {MacWilliams, F. J. and Sloane, N. J. A.},
  year = {1977},
  month = jan,
  edition = {First},
  publisher = {North Holland Publishing Co.},
  address = {Amsterdam},
  isbn = {978-0-444-85193-2},
  langid = {english}
}



@article{CSS:1996,
  title = {Good quantum error-correcting codes exist},
  author = {Calderbank, A. R. and Shor, Peter W.},
  journal = {Phys. Rev. A},
  volume = {54},
  issue = {2},
  pages = {1098--1105},
  numpages = {0},
  year = {1996},
  month = {Aug},
  publisher = {American Physical Society},
  doi = {10.1103/PhysRevA.54.1098},
  url = {https://link.aps.org/doi/10.1103/PhysRevA.54.1098}
}


@article{CSS2:1996,
  title = {Error Correcting Codes in Quantum Theory},
  author = {Steane, A. M.},
  journal = {Phys. Rev. Lett.},
  volume = {77},
  issue = {5},
  pages = {793--797},
  numpages = {0},
  year = {1996},
  month = {Jul},
  publisher = {American Physical Society},
  doi = {10.1103/PhysRevLett.77.793},
  url = {https://link.aps.org/doi/10.1103/PhysRevLett.77.793}
}




@article{Ben-Sasson:2006,
  title = {Robust locally testable codes and products of codes},
  author = {{Ben-Sasson}, Eli and Sudan, Madhu},
  year = {2006},
  journal = {Random Structures \& Algorithms},
  volume = {28},
  number = {4},
  pages = {387--402},
  issn = {1098-2418},
  doi = {10.1002/rsa.20120},
  url = {https://onlinelibrary.wiley.com/doi/abs/10.1002/rsa.20120},
  urldate = {2022-01-15},
  langid = {english},
  annotation = {\_eprint: https://onlinelibrary.wiley.com/doi/pdf/10.1002/rsa.20120}
}



@inproceedings{Dinur:2006,
  title = {Robust Local Testability of Tensor Products of {LDPC} Codes},
  booktitle = {Approximation, Randomization, and Combinatorial Optimization. Algorithms and Techniques},
  author = {Dinur, Irit and Sudan, Madhu and Wigderson, Avi},
  editor = {D{\'i}az, Josep and Jansen, Klaus and Rolim, Jos{\'e} D. P. and Zwick, Uri},
  year = {2006},
  series = {Lecture Notes in Computer Science},
  pages = {304--315},
  publisher = {Springer},
  address = {Berlin, Heidelberg},
  doi = {10.1007/11830924_29},
  isbn = {978-3-540-38045-0},
  langid = {english},
  keywords = {Linear Code,Local View,Parity Check,Tensor Product,Testable Code}
}




@inproceedings{Dinur:stoc2022,
  title = {Locally testable codes with constant rate, distance, and locality},
  booktitle = {Proceedings of the 54th Annual ACM SIGACT Symposium on Theory of Computing},
  author = {Dinur, Irit and Evra, Shai and Livne, Ron and Lubotzky, Alexander and Mozes, Shahar},
  year = {2022},
  month = jun,
  series = {STOC 2022},
  pages = {357--374},
  publisher = {Association for Computing Machinery},
  address = {New York, NY, USA},
  doi = {10.1145/3519935.3520024},
  url = {https://doi.org/10.1145/3519935.3520024},
  urldate = {2022-06-15},
  isbn = {978-1-4503-9264-8},
  keywords = {error correcting codes,expander codes,locally testable codes}
}



@inproceedings{Dinur:2017,
  title = {High Dimensional Expanders Imply Agreement Expanders},
  booktitle = {2017 IEEE 58th Annual Symposium on Foundations of Computer Science (FOCS)},
  author = {Dinur, Irit and Kaufman, Tali},
  year = {2017},
  month = oct,
  pages = {974--985},
  issn = {0272-5428},
  doi = {10.1109/FOCS.2017.94},
  keywords = {agreement tests,Buildings,Computer science,Convergence,direct product,direct sum,Eigenvalues and eigenfunctions,Electronic mail,Graph theory,high dimensional expanders,Skeleton}
}





@inproceedings{Panteleev&Kalachev:stoc2022,
  title = {Asymptotically good quantum and locally testable classical {LDPC} codes},
  booktitle = {Proceedings of the 54th Annual ACM SIGACT Symposium on Theory of Computing},
  author = {Panteleev, Pavel and Kalachev, Gleb},
  year = {2022},
  month = jun,
  series = {STOC 2022},
  pages = {375--388},
  publisher = {Association for Computing Machinery},
  address = {New York, NY, USA},
  doi = {10.1145/3519935.3520017},
  url = {https://doi.org/10.1145/3519935.3520017},
  urldate = {2022-06-15},
  isbn = {978-1-4503-9264-8},
  keywords = {chain complexes,expander graphs,LDPC codes,locally testable codes,quantum codes}
}




@misc{Jeronimo:2021,
  title = {Explicit Abelian Lifts and Quantum {LDPC} Codes},
  author = {Jeronimo, Fernando Granha and Mittal, Tushant and O'Donnell, Ryan and Paredes, Pedro and Tulsiani, Madhur},
  year = {2021},
  month = dec,
  journal = {arXiv:2112.01647 [cs, math]},
  eprint = {2112.01647},
  eprinttype = {arxiv},
  primaryclass = {cs, math},
  url = {http://arxiv.org/abs/2112.01647},
  urldate = {2022-01-19},
  archiveprefix = {arXiv},
  keywords = {Computer Science - Data Structures and Algorithms,Computer Science - Discrete Mathematics,Computer Science - Information Theory,Mathematics - Combinatorics}
}


@article{Campbell:2019,
  title = {A theory of single-shot error correction for adversarial noise},
  author = {Campbell, Earl T.},
  year = {2019},
  month = feb,
  journal = {Quantum Science and Technology},
  volume = {4},
  number = {2},
  pages = {025006},
  publisher = {IOP Publishing},
  issn = {2058-9565},
  doi = {10.1088/2058-9565/aafc8f},
  url = {https://doi.org/10.1088/2058-9565/aafc8f},
  urldate = {2021-08-07},
  langid = {english}
}



@article{Wise:2007,
  title = {Complete square complexes},
  author = {Wise, Daniel T.},
  year = {2007},
  month = dec,
  journal = {Commentarii Mathematici Helvetici},
  volume = {82},
  number = {4},
  pages = {683--724},
  issn = {0010-2571},
  doi = {10.4171/cmh/107},
  url = {https://ems.press/journals/cmh/articles/1470},
  urldate = {2022-01-21},
  langid = {english}
}



@article{Mackay:2004,
  title = {Sparse-Graph Codes for Quantum Error Correction},
  author = {MacKay, D. J. C. and Mitchison, G. and McFadden, P. L.},
  year = {2004},
  month = oct,
  journal = {IEEE Transactions on Information Theory},
  volume = {50},
  number = {10},
  pages = {2315--2330},
  issn = {0018-9448},
  doi = {10.1109/TIT.2004.834737},
  keywords = {block codes,block length,channel coding,classical channel,decoding,Decoding,error correction codes,Error correction codes,Geometry,graph theory,Information rates,Information theory,Laboratories,Noise level,parity check codes,Parity check codes,Physics,probabilistic decoding,quantum computing,quantum error-correction,Quantum mechanics,sparse matrices,sparse-graph code}
}








@article{Linial:2006,
  title = {Homological Connectivity Of Random 2-Complexes},
  author = {Linial, Nathan and Meshulam, Roy},
  year = {2006},
  month = aug,
  journal = {Combinatorica},
  volume = {26},
  number = {4},
  pages = {475--487},
  issn = {1439-6912},
  doi = {10.1007/s00493-006-0027-9},
  url = {https://doi.org/10.1007/s00493-006-0027-9},
  urldate = {2022-06-15},
  langid = {english},
  keywords = {05C80,55U10}
}



@article{Gromov:2010,
  title = {Singularities, Expanders and Topology of Maps. Part 2: from Combinatorics to Topology Via Algebraic Isoperimetry},
  shorttitle = {Singularities, Expanders and Topology of Maps. Part 2},
  author = {Gromov, Mikhail},
  year = {2010},
  month = aug,
  journal = {Geometric and Functional Analysis},
  volume = {20},
  number = {2},
  pages = {416--526},
  issn = {1420-8970},
  doi = {10.1007/s00039-010-0073-8},
  url = {https://doi.org/10.1007/s00039-010-0073-8},
  urldate = {2022-06-16},
  langid = {english},
  keywords = {05C10,05C80,05D05,06F05,53C23,55U10,Expanders,isoperimetric inequalities,semisimplicial complexes,spaces of cycles}
}


@misc{Leverrier:2022,
  title = {Quantum Tanner codes},
  author = {Leverrier, Anthony and Z{\'e}mor, Gilles},
  year = {2022},
  month = apr,
  number = {arXiv:2202.13641},
  eprint = {2202.13641},
  eprinttype = {arxiv},
  primaryclass = {quant-ph},
  institution = {arXiv},
  doi = {10.48550/arXiv.2202.13641},
  url = {http://arxiv.org/abs/2202.13641},
  urldate = {2022-06-16},
  archiveprefix = {arXiv},
  keywords = {Computer Science - Computational Complexity,Computer Science - Information Theory,Quantum Physics}
}

@article{Hopkins:2022,
  author = {Hopkins, Max and Lin, Ting-Chun},
  year = {2022},
  month = apr,
  doi = {10.48550/arXiv.2204.11469},
  url = {https://arxiv.org/abs/2204.11469v1},
  urldate = {2022-06-16},
  langid = {english},
  title = {Explicit Lower Bounds Against {$\Omega(n)$}-Rounds of Sum-of-Squares}
}



@inproceedings{Valiant:2005,
  title = {The Tensor Product of Two Codes Is Not Necessarily Robustly Testable},
  booktitle = {Approximation, Randomization and Combinatorial Optimization. Algorithms and Techniques},
  author = {Valiant, Paul},
  editor = {Chekuri, Chandra and Jansen, Klaus and Rolim, Jos{\'e} D. P. and Trevisan, Luca},
  year = {2005},
  series = {Lecture Notes in Computer Science},
  pages = {472--481},
  publisher = {Springer},
  address = {Berlin, Heidelberg},
  doi = {10.1007/11538462_40},
  isbn = {978-3-540-31874-3},
  langid = {english},
  keywords = {Linear Code,Product Code,Product Tester,Query Complexity,Tensor Product}
}


@article{Goldreich:2012,
  title = {The tensor product of two good codes is not necessarily robustly testable},
  author = {Goldreich, Oded and Meir, Or},
  year = {2012},
  month = apr,
  journal = {Information Processing Letters},
  volume = {112},
  number = {8},
  pages = {351--355},
  issn = {0020-0190},
  doi = {10.1016/j.ipl.2012.01.007},
  url = {https://www.sciencedirect.com/science/article/pii/S0020019012000245},
  urldate = {2022-06-16},
  langid = {english},
  keywords = {Locally testable codes,Product code,Robust,Robustness,Tensor product,Theory of computation}
}




@article{Koetter:2008,
  title = {Coding for Errors and Erasures in Random Network Coding},
  author = {Koetter, Ralf and Kschischang, Frank R.},
  year = {2008},
  month = aug,
  journal = {IEEE Transactions on Information Theory},
  volume = {54},
  number = {8},
  pages = {3579--3591},
  issn = {1557-9654},
  doi = {10.1109/TIT.2008.926449},
  keywords = {Context modeling,Decoding,Error correction,Error correction codes,Geometry,Jamming,Network coding,network error correction,Strontium,subspace metric,Transmitters,Vectors}
}




@article{Freedman:2021,
  title = {Building manifolds from quantum codes},
  author = {Freedman, Michael and Hastings, Matthew},
  year = {2021},
  month = jun,
  journal = {Geometric and Functional Analysis},
  issn = {1420-8970},
  doi = {10.1007/s00039-021-00567-3},
  url = {https://doi.org/10.1007/s00039-021-00567-3},
  urldate = {2021-07-09},
  langid = {english}
}





@article{Dinur:2022ex,
  title = {The tensor of two codes that are dual to each other is not robustly testable},
  author = {Dinur, Irit  and Vidick, Thomas},
  year = {In preparation},
}



@misc{Gu:2022,
  title = {An efficient decoder for a linear distance quantum LDPC code},
  author = {Gu, Shouzhen and Pattison, Christopher A. and Tang, Eugene},
  year = {2022},
  month = jun,
  number = {arXiv:2206.06557},
  eprint = {2206.06557},
  eprinttype = {arxiv},
  primaryclass = {quant-ph},
  institution = {arXiv},
  doi = {10.48550/arXiv.2206.06557},
  url = {http://arxiv.org/abs/2206.06557},
  urldate = {2022-06-16},
  archiveprefix = {arXiv},
  keywords = {Computer Science - Information Theory,Quantum Physics}
}



@misc{Leverrier:2022b,
  title = {Efficient decoding up to a constant fraction of the code length for asymptotically good quantum codes},
  author = {Leverrier, Anthony and Z{\'e}mor, Gilles},
  year = {2022},
  month = jun,
  number = {arXiv:2206.07571},
  eprint = {2206.07571},
  eprinttype = {arxiv},
  primaryclass = {quant-ph},
  publisher = {arXiv},
  doi = {10.48550/arXiv.2206.07571},
  url = {http://arxiv.org/abs/2206.07571},
  urldate = {2022-07-04},
  archiveprefix = {arXiv},
  keywords = {Computer Science - Computational Complexity,Computer Science - Information Theory,Quantum Physics}
}

@article{Leverrier:2023,
  author={Leverrier, Anthony and Zémor, Gilles},
  journal={IEEE Transactions on Information Theory}, 
  title={Decoding Quantum Tanner Codes}, 
  year={2023},
  volume={69},
  number={8},
  pages={5100-5115},
  doi={10.1109/TIT.2023.3267945},
  url={https://doi.org/10.1109/TIT.2023.3267945}
}

@misc{Dinur:2022,
  title = {Good Quantum LDPC Codes with Linear Time Decoders},
  author = {Dinur, Irit and Hsieh, Min-Hsiu and Lin, Ting-Chun and Vidick, Thomas},
  year = {2022},
  month = jun,
  number = {arXiv:2206.07750},
  eprint = {2206.07750},
  eprinttype = {arxiv},
  primaryclass = {quant-ph},
  publisher = {arXiv},
  doi = {10.48550/arXiv.2206.07750},
  url = {http://arxiv.org/abs/2206.07750},
  urldate = {2022-07-04},
  archiveprefix = {arXiv},
  keywords = {Quantum Physics}
}



@misc{Anshu:2022,
  title = {NLTS Hamiltonians from good quantum codes},
  author = {Anshu, Anurag and Breuckmann, Nikolas and Nirkhe, Chinmay},
  year = {2022},
  month = jun,
  number = {arXiv:2206.13228},
  eprint = {2206.13228},
  eprinttype = {arxiv},
  primaryclass = {cond-mat, physics:quant-ph},
  publisher = {arXiv},
  doi = {10.48550/arXiv.2206.13228},
  url = {http://arxiv.org/abs/2206.13228},
  urldate = {2022-07-04},
  archiveprefix = {arXiv},
  keywords = {Computer Science - Computational Complexity,Condensed Matter - Statistical Mechanics,Quantum Physics}
}




@article{Steenrod:1943,
  title = {Homology With Local Coefficients},
  author = {Steenrod, N. E.},
  year = {1943},
  journal = {Annals of Mathematics},
  volume = {44},
  number = {4},
  pages = {610--627},
  publisher = {Annals of Mathematics},
  issn = {0003-486X},
  doi = {10.2307/1969099},
  url = {https://www.jstor.org/stable/1969099},
  urldate = {2022-08-21}
}


@article{Zeeman:1962,
  title = {Dihomology: I. relations between homology theories},
  shorttitle = {Dihomology},
  author = {Zeeman, E. C.},
  year = {1962},
  journal = {Proceedings of the London Mathematical Society},
  volume = {3},
  number = {1},
  pages = {609--638},
  publisher = {Oxford Academic}
}

@phdthesis{Curry:2014,
  title = {Sheaves, cosheaves and applications},
  author = {Curry, Justin Michael},
  year = {2014},
  school = {University of Pennsylvania}
}


@article{Hansen:2019,
  title = {Toward a spectral theory of cellular sheaves},
  author = {Hansen, Jakob and Ghrist, Robert},
  year = {2019},
  month = dec,
  journal = {Journal of Applied and Computational Topology},
  volume = {3},
  number = {4},
  pages = {315--358},
  issn = {2367-1734},
  doi = {10.1007/s41468-019-00038-7},
  url = {https://doi.org/10.1007/s41468-019-00038-7},
  urldate = {2022-08-01},
  langid = {english},
  keywords = {Cellular sheaf theory,Cohomology,Effective resistance,Eigenvalue interlacing,MSC 05C50,MSC 55N30,Spectral graph theory}
}



@misc{Hu:2020,
  title = {A Brief Note for Sheaf Structures on Posets},
  author = {Hu, Chuan-Shen},
  year = {2020},
  month = oct,
  number = {arXiv:2010.09651},
  eprint = {2010.09651},
  eprinttype = {arxiv},
  primaryclass = {math},
  publisher = {arXiv},
  doi = {10.48550/arXiv.2010.09651},
  url = {http://arxiv.org/abs/2010.09651},
  urldate = {2022-08-25},
  archiveprefix = {arXiv},
  keywords = {Mathematics - Algebraic Geometry,Mathematics - History and Overview}
}



@article{Kashiwara:1984,
  title = {The Riemann-Hilbert problem for holonomic systems},
  author = {Kashiwara, Masaki},
  year = {1984},
  journal = {Publications of the Research Institute for Mathematical Sciences},
  volume = {20},
  number = {2},
  pages = {319--365},
  publisher = {Research Institute forMathematical Sciences}
}


@phdthesis{shepard1985cellular,
  title = {A cellular description of the derived category of a stratified space},
  author = {Shepard, A.D.},
  year = {1985},
  school = {Brown University}
}



@book{ghrist2014elementary,
  title = {Elementary applied topology},
  author = {Ghrist, R.},
  year = {2014},
  publisher = {CreateSpace Independent Publishing Platform},
  isbn = {978-1-5028-8085-7}
}

@misc{PK2022robust,
      title={Two-sided Robustly Testable Codes}, 
      author={Gleb Kalachev and Pavel Panteleev},
      month=jun,
      year={2022},
      publisher={arXiv},
      doi={https://doi.org/10.48550/arXiv.2206.09973},
      url={http://arxiv.org/abs/2206.09973},
      number={arXiv:2206.09973},
      eprint={2206.09973},
      archivePrefix={arXiv},
      primaryClass={cs.IT}
}

@Inbook{Lin-func-prop,
author="Bhattacharyya, Arnab
and Yoshida, Yuichi",
title="Linear Properties of Functions",
bookTitle="Property Testing: Problems and Techniques",
year="2022",
publisher="Springer Singapore",
address="Singapore",
pages="323--368",
abstract="This chapter is focused on linear affine-invariant properties of functions {\$}{\$}f:{\{}{\backslash}mathbb{\{}F{\}}{\}}^n {\backslash}to {\{}{\backslash}mathbb{\{}F{\}}{\}}{\$}{\$}f:Fn{\textrightarrow}Fwhere {\$}{\$}{\{}{\backslash}mathbb{\{}F{\}}{\}}{\$}{\$}Fis a finite (but often large) field. Such properties naturally arise in the form of error-correcting codes. We show the testability of very general classes of such properties, obtained by tensor products or `lifts' of base codes. We end the chapter by discussing how to construct locally testable codes, which enjoy not only small query complexity but also other good coding-theoretic properties, such as rate and distance.",
isbn="978-981-16-8622-1",
doi="10.1007/978-981-16-8622-1_12",
url="https://doi.org/10.1007/978-981-16-8622-1_12"
}

@INPROCEEDINGS{Lin2022:losslessLTC,
  author={Lin, Ting-Chun and Hsieh, Min-Hsiu},
  booktitle={2022 IEEE International Symposium on Information Theory (ISIT)}, 
  title={c3-Locally Testable Codes from Lossless Expanders}, 
  year={2022},
  volume={},
  number={},
  pages={1175-1180},
  doi={10.1109/ISIT50566.2022.9834679}
}

@article{Chiesa2020:hyperplane-robust,
 author = {Chiesa, Alessandro and Manohar, Peter and Shinkar, Igor},
 title = {On Axis-Parallel Tests for Tensor Product Codes},
 year = {2020},
 pages = {1--34},
 doi = {10.4086/toc.2020.v016a005},
 publisher = {Theory of Computing},
 journal = {Theory of Computing},
 volume = {16},
 number = {5},
 URL = {https://theoryofcomputing.org/articles/v016a005},
}

@inproceedings{Gu:stoc2023:qpdpc-decoder,
author = {Gu, Shouzhen and Pattison, Christopher A. and Tang, Eugene},
title = {An Efficient Decoder for a Linear Distance Quantum LDPC Code},
year = {2023},
isbn = {9781450399135},
publisher = {Association for Computing Machinery},
address = {New York, NY, USA},
url = {https://doi.org/10.1145/3564246.3585169},
doi = {10.1145/3564246.3585169},
abstract = {Recent developments have shown the existence of quantum low-density parity check (qLDPC) codes with constant rate and linear distance. A natural question concerns the efficient decodability of these codes. In this paper, we present a linear time decoder for the recent quantum Tanner codes construction of asymptotically good qLDPC codes, which can correct all errors of weight up to a constant fraction of the blocklength. Our decoder is an iterative algorithm which searches for corrections within constant-sized regions. At each step, the corrections are found by reducing a locally defined and efficiently computable cost function which serves as a proxy for the weight of the remaining error.},
booktitle = {Proceedings of the 55th Annual ACM Symposium on Theory of Computing},
pages = {919–932},
numpages = {14},
keywords = {robust error-correcting codes, quantum low-density parity-check codes, expander graphs, Quantum error correction, decoding algorithm},
location = {Orlando, FL, USA},
series = {STOC 2023}
}

@inbook{Leverrier:qldpcdecoder:2023,
author = {Anthony Leverrier and Gilles Zémor},
title = {Efficient decoding up to a constant fraction of the code length for asymptotically good quantum codes},
booktitle = {Proceedings of the 2023 Annual ACM-SIAM Symposium on Discrete Algorithms (SODA)},
chapter = {},
year={2023},
pages = {1216-1244},
doi = {10.1137/1.9781611977554.ch45},
URL = {https://epubs.siam.org/doi/abs/10.1137/1.9781611977554.ch45},
eprint = {https://epubs.siam.org/doi/pdf/10.1137/1.9781611977554.ch45},
    abstract = { We introduce and analyse an efficient decoder for quantum Tanner codes that can correct adversarial errors of linear weight. Previous decoders for quantum low-density parity-check codes could only handle adversarial errors of weight . We also work on the link between quantum Tanner codes and the Lifted Product codes of Panteleev and Kalachev, and show that our decoder can be adapted to the latter. The decoding algorithm alternates between sequential and parallel procedures and converges in linear time. }
}


@inproceedings{Dinur:decoders,
author = {Dinur, Irit and Hsieh, Min-Hsiu and Lin, Ting-Chun and Vidick, Thomas},
title = {Good Quantum LDPC Codes with Linear Time Decoders},
year = {2023},
isbn = {9781450399135},
publisher = {Association for Computing Machinery},
address = {New York, NY, USA},
url = {https://doi.org/10.1145/3564246.3585101},
doi = {10.1145/3564246.3585101},
abstract = {We construct a new explicit family of good quantum low-density parity-check codes which additionally have linear time decoders. Our codes are based on a three-term chain (2m\texttimes{} m)V   →δ0  (2m)E →δ1  2F where V (X-checks) are the vertices, E (qubits) are the edges, and F (Z-checks) are the squares of a left-right Cayley complex, and where the maps are defined based on a pair of constant-size random codes CA,CB:2m→2Δ where Δ is the regularity of the underlying Cayley graphs. One of the main ingredients in the analysis is a proof of an essentially-optimal robustness property for the tensor product of two random codes.},
booktitle = {Proceedings of the 55th Annual ACM Symposium on Theory of Computing},
pages = {905–918},
numpages = {14},
keywords = {quantum low-density parity-check codes, locally testable codes, error-correcting codes},
location = {Orlando, FL, USA},
series = {STOC 2023}
}

@INPROCEEDINGS {Leverrier:focs2022,
author = {Leverrier, Anthony and Z{\'e}mor, Gilles},
booktitle = {2022 IEEE 63rd Annual Symposium on Foundations of Computer Science (FOCS)},
title = {Quantum Tanner codes},
year = {2022},
volume = {},
issn = {},
pages = {872-883},
abstract = {Tanner codes are long error correcting codes obtained from short codes and a graph, with bits on the edges and parity-check constraints from the short codes enforced at the vertices of the graph. Combining good short codes together with a spectral expander graph yields the celebrated expander codes of Sipser and Spielman, which are asymptotically good classical LDPC codes. In this work we apply this prescription to the left-right Cayley complex that lies at the heart of the recent construction of a c3 locally testable code by Dinur et at. Specifically, we view this complex as two graphs that share the same set of edges. By defining a Tanner code on each of those graphs we obtain two classical codes that together define a quantum code. This construction can be seen as a simplified variant of the Panteleev and Kalachev asymptotically good quantum LDPC code, with improved estimates for its minimum distance. This quantum code is closely related to the Dinur et at. code in more than one sense: indeed, we prove a theorem that simultaneously gives a linearly growing minimum distance for the quantum code and recovers the local testability of the Dinur et at. code.},
keywords = {heart;computer science;codes;quantum computing;quantum mechanics;parity check codes;graph theory},
doi = {10.1109/FOCS54457.2022.00117},
url = {https://doi.ieeecomputersociety.org/10.1109/FOCS54457.2022.00117},
publisher = {IEEE Computer Society},
address = {Los Alamitos, CA, USA},
month = {nov}
}

@book{book:AlgCodes,
   title =     {Algebraic codes for data transmission},
   author =    {Richard E. Blahut},
   publisher = {Cambridge University Press},
   isbn =      {9780521553742,0521553741},
   year =      {2003},
   doi =       {10.1017/CBO9780511800467},
   pages =     {482},
   place={Cambridge}, 
}
