@string{ieeeit="IEEE Trans. Info. Th."}
@string{ieeecom="{IEEE} Trans. Commun."}
@string{ieeejsac="{IEEE} J. Sel. Area. Commun."}
@string{ieeewireless="{IEEE} Trans. Wireless Commun."}
@string{globecom="Proc. of IEEE Glob. Comm. Conf. (GLOBECOM)"}
@string{ieeewcl="{IEEE} Wireless Commun. Lett."}
@string{ieeecl="{IEEE} Comm. Lett."}
@string{ieeecm="{IEEE} Commun. Mag."}
@string{ieeespmag="{IEEE} Sig. Proc. Mag."}
@string{icnp="Proc. of IEEE Intl. Conf. on Network Protocols (ICNP)"}
@string{ieeestsp="{IEEE} J. Sel. Topics Signal Process."}
@string{ieeetsp="{IEEE} Trans. Signal Process."}
@string{ciss="Proc. of Conf. Inf. Sci. Syst. (CISS)"}
@string{nips="Proc. of Adv. in Neur. Inf. Proc. Syst. (NeurIPS)"}
@string{icml="Proc. of Intl. Conf. on Mach. Learn. (ICML)"}
@string{ieeestsp="IEEE J. Sel. Topics Signal Process"}
@string{itw="Proc. of IEEE Inform. Theory Workshop (ITW)"}
@string{asilomar49="Proc. of 49th Annual Asilomar Conference on Signals, Systems, and Computers (Asilomar)"}
@string{isit="Proc. of IEEE Int. Symp. Info. Th. (ISIT)"}
@string{TON = "IEEE/ACM Trans. on Networking"}
@string{AI = "Artificial Intelligence"} @string{ASSP = "IEEE Trans. on Acoustics, Speech and Signal Processing"}
@string{BioCyber = "Biological Cybernetics"}
@string{CAIA84 = "First IEEE Conference on AI Applications"}
@string{CGIP = "Computer Graphics and Image Processing"}
@string{CVGIP = "Computer Vision, Graphics and Image Processing"}
@string{DARPA = "DARPA Image Understanding Workshop"}
@string{GMIP = "Graphical Models and Image Processing"}
@string{IJCV = "International Journal of Computer Vision"}
@string{IJRR = "International Journal of Robotics Research"}
@string{IP = "IEEE Trans. on Image Processing"}
@string{CVIU = "Computer Vision and Image Understanding"}
@string{IJCV ="International Journal of Computer Vision"}
@string{IVC = "Image and Vision Computing"}
@string{PR = "Pattern Recognition"}
@string{GlobalSIP_invited = "IEEE Global Conf. on Sig. and Info. Proc. ({\bf invited})"}
@string{JOEP = "Journal of Experimental Psychology"}
@string{JOSA-A = "Journal of the Optical Society of America A"}
@string{SMC = "IEEE Trans. on Systems, Man and Cybernetics"}
@string{PAMI = "IEEE Trans. on Pattern Analysis and Machine Intelligence"}
@string{IT = "IEEE Trans. Info. Th."}
@string{Percp = "Perception"}
@string{PIEEE = "Proceedings of the IEEE"}
@string{PR = "Pattern Recognition"}
@string{PRL = "Pattern Recognition Letters"}
@string{PsychR = "Psychological Review"}
@string{CVPR = "IEEE Conference on Computer Vision and Pattern Recognition (CVPR)"}
@string{ECCV = "European Conference on Computer Vision"}
@string{RoyalP = "Proceedings of the Royal Society of London B"}
@string{ICCV = "IEEE International Conference on Computer Vision"}
@string{ACCV = "Asian Conference on Computer Vision"}
@string{ICASSP = "Proc. of IEEE Intl. Conf. on Acoustics, Speech and Sig. Proc. (ICASSP)"}
@string{ICIP = "IEEE International Conference on Image Processing"}
@string{ICPR = "International Conference on Pattern Recognition"}
@string{CDC = "IEEE Conference on Decision and Control"}
@string{BMVC = "British Machine Vision Conference"}
@string{TCOM = "IEEE Trans. on Comm."}
@string{ICC = "IEEE Intl. Conf. Comm."}
@string{ITW = "Proc. of IEEE Info. Th. Workshop"}
@string{MATHOR = "Mathematics of Operation Research"}
@string{ISIT = "Proc. of IEEE Intl. Symp. on Info. Th."}
@string{TWCOM = "IEEE Trans. on Wireless Comm."}
@string{JSAC = "IEEE J. Sel. Area. Comm."}
@string{JSAIT = "IEEE Jour. Sel. Area. Info. Th."}
@string{CISS = "Conf. on Info. Sci. and Sys."}
@string{TON = "IEEE/ACM Trans. Netw."}
@string{TSP = "IEEE Trans. on Sig. Proc."}
@string{TAC = "IEEE Trans. on Aut. Control"}
@string{INFOCOM = "IEEE INFOCOM"}

@inproceedings{kiani2018exploitation,
  title={Exploitation of Stragglers in Coded Computation},
  author={Kiani, Shahrzad and Ferdinand, Nuwan and Draper, Stark C},
  booktitle=ISIT,
  pages={1988--1992},
  year={2018}
}

@book{atkinson2008introduction,
  title={An introduction to numerical analysis},
  author={Atkinson, Kendall E},
  year={2008},
  publisher={John wiley \& sons}
}

@ARTICLE{9084368,
  author={Ramamoorthy, Aditya and Das, Anindya Bijoy and Tang, Li},
  journal={IEEE Sig. Proc. Mag.}, 
  title={Straggler-Resistant Distributed Matrix Computation via Coding Theory: Removing a Bottleneck in Large-Scale Data Processing}, 
  year={2020},
  volume={37},
  number={3},
  pages={136-145},
  doi={10.1109/MSP.2020.2974149}}

@book{steele2004cauchy,
  title={The Cauchy-Schwarz master class: an introduction to the art of mathematical inequalities},
  author={Steele, J Michael},
  year={2004},
  publisher={Cambridge University Press}
}

@ARTICLE{das2019random,
  author={Das, Anindya Bijoy and Ramamoorthy, Aditya and Vaswani, Namrata},
  journal=IT, 
  title={Efficient and Robust Distributed Matrix Computations via Convolutional Coding}, 
  year={2021},
  volume={67},
  number={9},
  pages={6266-6282},
  doi={10.1109/TIT.2021.3095909}
  }

@online{anindyacode,
title = {{Straggler Mitigation Codes}},
url = {https://github.com/anindyabijoydas/StragglerMitigateConvCodes},
urldate = {2020-05-19}
}

@article{zaharia2010spark,
  title={Spark: Cluster computing with working sets.},
  author={Zaharia, Matei and Chowdhury, Mosharaf and Franklin, Michael J and Shenker, Scott and Stoica, Ion},
  journal={HotCloud},
  volume={10},
  number={10-10},
  pages={95},
  year={2010}
}

@article{wang2018fundamental,
  title={Fundamental Limits of Coded Linear Transform},
  author={Wang, Sinong and Liu, Jiashang and Shroff, Ness and Yang, Pengyu},
   year={preprint, 2018, [Online] Available: https://arxiv.org/abs/1804.09791}
}



@article{gupta2020serverless,
  title={Serverless straggler mitigation using local error-correcting codes},
  author={Gupta, Vipul and Carrano, Dominic and Yang, Yaoqing and Shankar, Vaishaal and Courtade, Thomas and Ramchandran, Kannan},
  year={preprint, 2020, [Online] Available: https://arxiv.org/abs/2001.07490}
}

@article{lynch2015cauchy,
  title={Cauchy pairs and Cauchy matrices},
  author={Lynch, Alison Gordon},
  journal={Linear Algebra and its Applications},
  volume={471},
  pages={320--345},
  year={2015},
  publisher={Elsevier}
}

@ARTICLE{rosenbloomT97,
	author={M. Y. Rosenbloom and M. A. Tsfasman},
	journal={Probl. Inf. Transm.},
	title={Codes for the m-metric},
	year={1997},
	volume={33},
	number={1},
	pages={45-52},
}

@article{ganesan2007existence,
  title={On the existence of universally decodable matrices},
  author={Ganesan, Ashwin and Vontobel, Pascal O},
  journal=IT,
  volume={53},
  number={7},
  pages={2572--2575},
  year={2007},
  publisher={IEEE}
}

@online{anindyacode3,
title = {{Unified Treatment of Partial Stragglers and Sparse Matrices}},
url = {https://github.com/anindyabijoydas/UnifiedTreatment},
urldate = {2021-12-20}
}

@inproceedings{c3les,
  title={${C}^3{LES}$ : Codes for Coded Computation that Leverage Stragglers},
  author={Das, Anindya Bijoy and Tang, Li and Ramamoorthy, Aditya},
  booktitle=ITW,
  pages={1-5},
  year={2018}
}

@INPROCEEDINGS{8849395,
author={A. B. Das and A. Ramamoorthy},
booktitle=isit,
title={Distributed Matrix-Vector Multiplication: A Convolutional Coding Approach},
year={2019},
pages={3022-3026},
}

@online{sparsematrices,
title = {{SuiteSparse Matrix Collection}},
url = {https://sparse.tamu.edu/},
urldate = {2020-06-09}
}

@article{8849468,
author={M. Fahim and V. R. Cadambe},
journal=it,
title={Numerically Stable Polynomially Coded Computing},
  volume={67},
  number={5},
  pages={2758--2785},
  year={2021},
}

@inproceedings{pradhan2020factored,
  title={Factored LT and factored raptor codes for large-scale distributed matrix multiplication},
  author={Pradhan, Asit Kumar and Heidarzadeh, Anoosheh and Narayanan, Krishna R},
  booktitle=isit,
  pages={239--244},
  year={2020},
}

@article{hasircioglu2021speeding,
  title={Speeding up private distributed matrix multiplication via bivariate polynomial codes},
  author={Hasircioglu, Burak and G{\'o}mez-Vilardeb{\'o}, Jes{\'u}s and Gunduz, Deniz},
  year={preprint, 2021, [Online] Available https://arxiv.org/abs/2102.08304}
}

@article{vedadi2021adaptive,
  title={Adaptive Coding for Matrix Multiplication at Edge Networks},
  author={Vedadi, Elahe and Seferoglu, Hulya},
  year={preprint, 2021, [Online] Available: https://arxiv.org/abs/2103.04247}
}

@article{aliasgari2020private,
  title={Private and secure distributed matrix multiplication with flexible communication load},
  author={Aliasgari, Malihe and Simeone, Osvaldo and Kliewer, J{\"o}rg},
  journal={IEEE Trans. Inf. Forensics Secur.},
  volume={15},
  pages={2722--2734},
  year={2020},
  publisher={IEEE}
}

@ARTICLE{9513242,
  author={Pradhan, Asit Kumar and Heidarzadeh, Anoosheh and Narayanan, Krishna R.},
  journal=JSAIT, 
  title={Factored {LT} and Factored Raptor Codes for Large-Scale Distributed Matrix Multiplication}, 
  year={2021},
  volume={2},
  number={3},
  pages={893-906},
  doi={10.1109/JSAIT.2021.3103822}
  }

@inproceedings{keshtkarjahromi2018dynamic,
  title={Dynamic heterogeneity-aware coded cooperative computation at the edge},
  author={Keshtkarjahromi, Yasaman and Xing, Yuxuan and Seferoglu, Hulya},
  booktitle=icnp,
  year= {2018},
  pages={23--33},
}
@INPROCEEDINGS{8849451,
author={A. Ramamoorthy and L. Tang and P. O. Vontobel},
booktitle=isit,
title={Universally Decodable Matrices for Distributed Matrix-Vector Multiplication},
year={2019},
pages={1777-1781},
}

@article{reisizadeh2019coded,
  title={Coded computation over heterogeneous clusters},
  author={Reisizadeh, Amirhossein and Prakash, Saurav and Pedarsani, Ramtin and Avestimehr, Amir Salman},
  journal=it,
  volume={65},
  number={7},
  pages={4227--4242},
  year={2019},
  publisher={IEEE}
}

@ARTICLE{9519610,
  author={Hasırcıoğlu, Burak and Gómez-Vilardebó, Jesús and Gündüz, Deniz},
  journal={IEEE Jour. Sel. Area. Info. Th.}, 
  title={Bivariate Polynomial Coding for Efficient Distributed Matrix Multiplication}, 
  year={2021},
  volume={2},
  number={3},
  pages={814-829},
}

@inproceedings{hasirciouglu2020bivariate,
  title={Bivariate hermitian polynomial coding for efficient distributed matrix multiplication},
  author={Has{\i}rc{\i}o{\u{g}}lu, Burak and G{\'o}mez-Vilardeb{\'o}, Jes{\'u}s and G{\"u}nd{\"u}z, Deniz},
  booktitle=globecom,
  pages={1--6},
  year={2020},
}

@inproceedings{dutta2016short,
  title={Short-dot: Computing large linear transforms distributedly using coded short dot products},
  author={Dutta, Sanghamitra and Cadambe, Viveck and Grover, Pulkit},
  booktitle=NIPS,
  pages={2100--2108},
  year={2016}
}

@article{dean2013tail,
  title={The tail at scale},
  author={Dean, Jeffrey and Barroso, Luiz Andr{\'e}},
  journal={Communications of the ACM},
  volume={56},
  number={2},
  pages={74--80},
  year={2013},
  publisher={ACM}
}

@article{yu2020straggler,
  title={Straggler mitigation in distributed matrix multiplication: Fundamental limits and optimal coding},
  author={Yu, Qian and Maddah-Ali, Mohammad Ali and Avestimehr, A Salman},
 journal=IT,
  year={2020},
  volume={66},
  number={3},
  pages={1920-1933},
}

@inproceedings{das2023jsait_submitted,
  title={Coded Matrix Computations for {D2D}-Enabled Linearized Federated Learning},
  author={Das, Anindya Bijoy and Ramamoorthy, Aditya and Love, David J and Brinton, Christopher G},
  booktitle=icassp,
  pages={1--5},
  year={2023},
}

@article{schwartz1980fast,
  title={Fast probabilistic algorithms for verification of polynomial identities},
  author={Schwartz, Jacob T},
  journal={Jour. of the ACM},
  volume={27},
  number={4},
  pages={701--717},
  year={1980},
  publisher={ACM New York, NY, USA}
}

@book{marshall1986combinatorial,
  title={Combinatorial theory},
  author={Marshall. Hall, JR},
  year={1986},
  publisher={Wiley}
}

@book{stinson2007combinatorial,
  title={Combinatorial designs: constructions and analysis},
  author={Stinson, Douglas},
  year={2007},
  publisher={Springer Science \& Business Media}
}

@article{lee2018speeding,
	title={Speeding up distributed machine learning using codes},
	author={Lee, Kangwook and Lam, Maximilian and Pedarsani, Ramtin and Papailiopoulos, Dimitris and Ramchandran, Kannan},
	journal=IT,
	volume={64},
	number={3},
	pages={1514--1529},
	year={2018},
	publisher={IEEE}
}

@inproceedings{yu2018straggler,
  title={Straggler mitigation in distributed matrix multiplication: Fundamental limits and optimal coding},
  author={Yu, Qian and Maddah-Ali, Mohammad Ali and Avestimehr, A Salman},
  booktitle=isit,
  pages={2022--2026},
  year={2018},
}


@book{boyd_van,
        TITLE = "Convex Optimization",
        AUTHOR = "S. Boyd and L. Vandenberghe",
        PUBLISHER = "Cambridge University Press",
        YEAR = "2004"
}

@book{lincostello,
        AUTHOR = "S. Lin and D. J. Costello",
        TITLE = "Error Control Coding, 2nd Ed.",
        PUBLISHER = "Prentice Hall",
        YEAR = "2004"
}

@book{macdonald_symm,
        AUTHOR = "I. G. Macdonald",
        TITLE = "Symmetric Functions and Hall Polynomials, 2nd Ed.",
        PUBLISHER = "Oxford University Press",
        YEAR = "2015"
}

@inproceedings{lee2017high,
	title={High-dimensional coded matrix multiplication},
	author={Lee, Kangwook and Suh, Changho and Ramchandran, Kannan},
	booktitle=ISIT,
	pages={2418--2422},
	year={2017}
}

@article{mallick2018rateless,
  title={Rateless codes for near-perfect load balancing in distributed matrix-vector multiplication},
  author={Mallick, Ankur and Chaudhari, Malhar and Sheth, Utsav and Palanikumar, Ganesh and Joshi, Gauri},
  journal={ACM on Meas. and Analysis of Comp. Syst.},
  volume={3},
  number={3},
  pages={1--40},
  year={2019},
  publisher={ACM New York, NY, USA}
}



@book{beauregard1973first,
  title={A First Course in Linear Algebra: with Optional Introduction to Groups, Rings, and Fields},
  author={Beauregard, Raymond A. and Fraleigh, John B.},
  number={QA251. B42},
  year={1973}
}

@article{das2023distributed,
  title={Distributed Matrix Computations with Low-weight Encodings},
  author={Das, Anindya Bijoy and Ramamoorthy, Aditya and Love, David J and Brinton, Christopher G},
  year={preprint, 2023, [Online] Available https://arxiv.org/abs/2301.12685}
}


@inproceedings{das2023distributedisit,
  title={Distributed Matrix Computations with Low-weight Encodings},
  author={Das, Anindya Bijoy and Ramamoorthy, Aditya and Love, David J and Brinton, Christopher G},
    booktitle = isit,
  year = 	 {2023}
}


@inproceedings{wangLSY19,
  title = 	 {Computation Efficient Coded Linear Transform},
  author = 	 {Wang, Sinong and Liu, Jiashang and Shroff, Ness and Yang, Pengyu},
  booktitle = {Proc. of Intl. Conf. on Art. Intell. and Stat.},
  year = 	 {2019}
}

@inproceedings{wang2018coded,
  title = 	 {Coded Sparse Matrix Multiplication},
  author = 	 {Wang, Sinong and Liu, Jiashang and Shroff, Ness},
  booktitle = ICML,
  pages={5152-–5160},
  year = 	 {2018}
}

@INPROCEEDINGS{9965842,
  author={Ji, Ruowan and Heidarzadeh, Anoosheh and Narayanan, Krishna R.},
  booktitle=itw, 
  title={Sparse Random Khatri-Rao Product Codes for Distributed Matrix Multiplication}, 
  year={2022},
  volume={},
  number={},
  pages={416-421},
  doi={10.1109/ITW54588.2022.9965842}}

@inproceedings{ji2022sparse,
  title={Sparse Random Khatri-Rao Product Codes for Distributed Matrix Multiplication},
  author={Ji, Ruowan and Heidarzadeh, Anoosheh and Narayanan, Krishna R},
  booktitle=itw,
  pages={416--421},
  year={2022},
}

@inproceedings{tandon2017gradient,
  title={Gradient coding: Avoiding stragglers in distributed learning},
  author={Tandon, Rashish and Lei, Qi and Dimakis, Alexandros G and Karampatziakis, Nikos},
  booktitle=ICML,
  pages={3368--3376},
  year={2017}
}

@inproceedings{ozfatura2020age,
  title={Age-based coded computation for bias reduction in distributed learning},
  author={Ozfatura, Emre and Buyukates, Baturalp and G{\"u}nd{\"u}z, Deniz and Ulukus, Sennur},
  booktitle=globecom,
  pages={1--6},
  year={2020},
}

@article{ozfatura2021coded,
  title={Coded distributed computing with partial recovery},
  author={Ozfatura, Emre and Ulukus, Sennur and G{\"u}nd{\"u}z, Deniz},
  journal=it,
  volume={68},
  number={3},
  pages={1945--1959},
  year={2021},
}

@inproceedings{yu2017polynomial,
  title={Polynomial codes: an optimal design for high-dimensional coded matrix multiplication},
  author={Yu, Qian and Maddah-Ali, Mohammad and Avestimehr, Salman},
  booktitle=NIPS,
  pages={4403--4413},
  year={2017}
}

@inproceedings{duttaCG16,
title = {Short-Dot: Computing Large Linear Transforms Distributedly Using Coded Short Dot Products},
author = {Dutta, Sanghamitra and Cadambe, Viveck and Grover, Pulkit},
booktitle = NIPS,
pages = {2100--2108},
year = {2016},
}

@book{horn1990matrix,
  title={Matrix analysis},
  author={Horn, Roger A and Johnson, Charles R},
  year={1990},
  publisher={Cambridge university press}
}

@book{roth2006introduction,
  title={Introduction to coding theory},
  author={Roth, Ron},
  year={2006},
  publisher={Cambridge University Press}
}

@article{fuja1989cross,
  title={Cross parity check convolutional codes},
  author={Fuja, Thomas and Heegard, Chris and Blaum, Mario},
  journal=ieeeit,
  volume={35},
  number={6},
  pages={1264--1276},
  year={1989}
}

@article{ramamoorthyDTMag20,
  title={Straggler-resistant distributed matrix computation via coding theory: Removing a bottleneck in large-scale data processing},
  author={A. Ramamoorthy and A. B. Das and L. Tang},
  journal=ieeespmag,
  volume={37},
  number={3},
  pages={136--145},
  year={2020}
}

@book{zhang_matrix_analysis,
        TITLE = {Matrix Analysis and Applications},
        AUTHOR = "X. Zhang",
        PUBLISHER = "Cambridge University Press",
        YEAR = "2017"
}

@book{zhang2017matrix,
  title={Matrix analysis and applications},
  author={Zhang, Xian-Da},
  year={2017},
  publisher={Cambridge University Press}
}

@article{liu1999matrix,
  title={Matrix results on the Khatri-Rao and Tracy-Singh products},
  author={Liu, Shuangzhe},
  journal={Linear Algebra and its Applications},
  volume={289},
  number={1-3},
  pages={267--277},
  year={1999},
  publisher={Elsevier}
}

@ARTICLE{365287,
  author={A. E. {Yagle}},
  journal={IEEE Transactions on Signal Processing}, 
  title={Fast algorithms for matrix multiplication using pseudo-number-theoretic transforms}, 
  year={1995},
  volume={43},
  number={1},
  pages={71-76},}

@ARTICLE{9252954,
  author={Prakash, Saurav and Dhakal, Sagar and Akdeniz, Mustafa Riza and Yona, Yair and Talwar, Shilpa and Avestimehr, Salman and Himayat, Nageen},
  journal=jsac, 
  title={Coded Computing for Low-Latency Federated Learning Over Wireless Edge Networks}, 
  year={2021},
  volume={39},
  number={1},
  pages={233-250},
  doi={10.1109/JSAC.2020.3036961}}


@INPROCEEDINGS{8683267,
  author={E. {Ozfatura} and S. {Ulukus} and D. {Gündüz}},
  booktitle=icassp, 
  title={Distributed Gradient Descent with Coded Partial Gradient Computations}, 
  year={2019},
  volume={},
  number={},
  pages={3492-3496},
  doi={10.1109/ICASSP.2019.8683267}}

@ARTICLE{9252114,
  author={Kianidehkordi, Shahrzad and Ferdinand, Nuwan and Draper, Stark C.},
  journal=IT, 
  title={Hierarchical Coded Matrix Multiplication}, 
  year={2021},
  volume={67},
  number={2},
  pages={726-754},
  doi={10.1109/TIT.2020.3036763}
}

@INPROCEEDINGS{9174440,
  author={A. M. {Subramaniam} and A. {Heidarzadeh} and A. K. {Pradhan} and K. R. {Narayanan}},
  booktitle=isit, 
  title={Product Lagrange Coded Computing}, 
  year={2020},
  pages={197-202},
  doi={10.1109/ISIT44484.2020.9174440}}

@article{ramamoorthy2019numerically,
  title={Numerically stable coded matrix computations via circulant and rotation matrix embeddings},
  author={Ramamoorthy, Aditya and Tang, Li},
  journal=IT,
  year={2022},
  volume={68},
  number={4},
  pages={2684-2703},

}

@incollection{arraycodes,
  author       = "Mario Blaum and Patrick G. Farrell and Henk C.A. van Tilborg",
  title        = "Array Codes",
  editor       = "V. S. Pless and W. C. Huffman",
  booktitle    = "{Handbook of Coding Theory}",
  year         = 1998,
  chapter      = 22,
  pages        = "1855-1909",
  publisher    = "Elsevier Science B. V.",
}
@book{nagell1964introduction,
  title={Introduction to number theory},
  author={Nagell, Trygve},
  year={1964},
  publisher={Chelsea Pub. Co.}
}

@article{gautschi1990stable,
  title={How (un) stable are Vandermonde systems},
  author={Gautschi, Walter},
  journal={Asymptotic and computational analysis},
  volume={124},
  pages={193--210},
  year={1990},
  publisher={Dekker New York}
}

@ARTICLE{TangKR19,
author={L. Tang and K. Konstantinidis and A. Ramamoorthy},
journal={IEEE Comm. Letters},
title={Erasure Coding for Distributed Matrix Multiplication for Matrices With Bounded Entries},
year={2019},
volume={23},
number={1},
pages={8-11},
doi={10.1109/LCOMM.2018.2880213},
ISSN={1089-7798},
}

@article{calvetti1996solution,
  title={On the solution of Cauchy systems of equations},
  author={Calvetti, D and Reichel, L},
  journal={Electronic Transactions on Numerical Analysis},
  volume={4},
  pages={125--137},
  year={1996}
}

@book{acton1990numerical,
  title={Numerical methods that (Usually) work},
  author={Acton, Forman S},
  year={1990},
  publisher={The Mathematical Association of America}
}

@article{berrut2004barycentric,
  title={Barycentric lagrange interpolation},
  author={Berrut, Jean-Paul and Trefethen, Lloyd N},
  journal={SIAM review},
  volume={46},
  number={3},
  pages={501--517},
  year={2004},
  publisher={SIAM}
}

@article{liu2008hadamard,
  title={Hadamard, Khatri-Rao, Kronecker and other matrix products},
  author={Liu, Shuangzhe and Trenkler, G{\~o}tz},
  journal={International Journal of Inf. and Syst. Sci.},
  volume={4},
  number={1},
  pages={160--177},
  year={2008}
}
@article{gazzah2001asymptotic,
  title={Asymptotic eigenvalue distribution of block Toeplitz matrices and application to blind SIMO channel identification},
  author={Gazzah, Houcem and Regalia, Phillip A and Delmas, J-P},
  journal=ieeeit,
  volume={47},
  number={3},
  pages={1243--1251},
  year={2001},
  publisher={IEEE}
}

@book{GrayTCM,
 author = {Gray, Robert M.},
 title = {Toeplitz And Circulant Matrices: A Review (Foundations and Trends(R) in Communications and Information Theory)},
 year = {2006},
 publisher = {Now Publishers Inc.},
 address = {Hanover, MA, USA},
}

@article{gray2006toeplitz,
  title={Toeplitz and circulant matrices: A review},
  author={Gray, Robert M},
  journal={Foundations and Trends{\textregistered} in Comm. and Inf. Th.},
  volume={2},
  number={3},
  pages={155--239},
  year={2006},
  publisher={Now Publishers, Inc.}
}

@book{golub2012matrix,
  title={Matrix computations},
  author={Golub, Gene H and Van Loan, Charles F},
  volume={3},
  year={2012},
  publisher={JHU Press}
}

@article{tropp2015introduction,
  title={An introduction to matrix concentration inequalities},
  author={Tropp, Joel A and others},
  journal={Foundations and Trends{\textregistered} in Machine Learning},
  volume={8},
  number={1-2},
  pages={1--230},
  year={2015},
  publisher={Now Publishers, Inc.}
}

@inproceedings{zaharia2008improving,
  title={Improving MapReduce performance in heterogeneous environments},
  author={Zaharia, Matei and Konwinski, Andy and Joseph, Anthony D and Katz, Randy and Stoica, Ion},
  booktitle={Operating syst. design and impl.},
  organization={USENIX Association},
  pages={29--42},
  year={2008}
}

@INPROCEEDINGS{8919859,
author={A. M. Subramaniam and A. Heidarzadeh and K. R. Narayanan},
booktitle={Proc. of Annu. Allerton Conf. Commun. Control Comput},
title={Random {K}hatri-{R}ao-Product Codes for Numerically-Stable Distributed Matrix Multiplication},
pages={253-259},
month={Sep.},
year={2019},
}

@article{niven1969formal,
  title={Formal power series},
  author={Niven, Ivan},
  journal={The American Mathematical Monthly},
  volume={76},
  number={8},
  pages={871--889},
  year={1969},
  publisher={Taylor \& Francis}
}

@article{dutta2019optimal,
  title={On the optimal recovery threshold of coded matrix multiplication},
  author={Dutta, Sanghamitra and Fahim, Mohammad and Haddadpour, Farzin and Jeong, Haewon and Cadambe, Viveck and Grover, Pulkit},
  journal=ieeeit,
  volume={66},
  number={1},
  pages={278--301},
  year={2019},
  publisher={IEEE}
}

@ARTICLE{hollanti2022secure,
  author={Li, Jie and Hollanti, Camilla},
  journal={IEEE Trans. Inf. Forensics Secur.}, 
  title={Private and Secure Distributed Matrix Multiplication Schemes for Replicated or MDS-Coded Servers}, 
  year={2022},
  volume={17},
  number={},
  pages={659-669},
  doi={10.1109/TIFS.2022.3147638}}

@INPROCEEDINGS{tandon2018secure,
  author={Chang, Wei-Ting and Tandon, Ravi},
  booktitle=globecom, 
  title={On the Capacity of Secure Distributed Matrix Multiplication}, 
  year={2018},
  volume={},
  number={},
  pages={1-6},
  doi={10.1109/GLOCOM.2018.8647313}}

@ARTICLE{yu2021entangled,
  author={Yu, Qian and Avestimehr, A. Salman},
  journal={IEEE Trans. on Comm.}, 
  title={Coded Computing for Resilient, Secure, and Privacy-Preserving Distributed Matrix Multiplication}, 
  year={2021},
  volume={69},
  number={1},
  pages={59-72},
  doi={10.1109/TCOMM.2020.3032196}}

@article{das2020coded,
  author={Das, Anindya Bijoy and Ramamoorthy, Aditya},
  journal=IT, 
  title={Coded Sparse Matrix Computation Schemes That Leverage Partial Stragglers}, 
  year={2022},
  volume={68},
  number={6},
  pages={4156-4181},
  doi={10.1109/TIT.2022.3152827}
}
  
@article{dasunifiedtreatment,
  title={A Unified Treatment of Partial Stragglers and Sparse Matrices in Coded Matrix Computation },
  author={Das, Anindya Bijoy and Ramamoorthy, Aditya},
  journal={IEEE Jour. on Sel. Area. in Info. Th.},
    year={2022},
  volume={3},
  number={2},
  pages={241-256},
  doi={10.1109/JSAIT.2022.3186908}
}

@inproceedings{xhemrishi2022distributed,
  title={Distributed matrix-vector multiplication with sparsity and privacy guarantees},
  author={Xhemrishi, Marvin and Bitar, Rawad and Wachter-Zeh, Antonia},
  booktitle=isit,
  pages={1028--1033},
  year={2022},
}

@INPROCEEDINGS{salman_secured,
  author={Yu, Qian and Avestimehr, A. Salman},
  booktitle={2020 IEEE International Symposium on Information Theory (ISIT)}, 
  title={Entangled Polynomial Codes for Secure, Private, and Batch Distributed Matrix Multiplication: Breaking the "Cubic" Barrier}, 
  year={2020},
  volume={},
  number={},
  pages={245-250},
  doi={10.1109/ISIT44484.2020.9174167}}
  

  @INPROCEEDINGS{tandon_capacity,
  author={Chang, Wei-Ting and Tandon, Ravi},
  booktitle={2018 IEEE Global Communications Conference (GLOBECOM)}, 
  title={On the Capacity of Secure Distributed Matrix Multiplication}, 
  year={2018},
  volume={},
  number={},
  pages={1-6},
  doi={10.1109/GLOCOM.2018.8647313}}