@INPROCEEDINGS{9473556,
  author={Shen, Kaiming and Chen, Xihan and Yu, Wei and Khosravirad, Saeed R.},
  booktitle={Proc. IEEE Int. Conf. Commun. Workshops. (ICC Workshops), Montreal, QC, Canada}, 
  title={Power Adaptive {HARQ} for Ultrareliability via a Novel Outage Probability Bound}, 
  year={Jun. 2021},
  volume={},
  number={},
  pages={1-6},
  doi={10.1109/ICCWorkshops50388.2021.9473556}}
  

@INPROCEEDINGS{7247293,
  author={Shi, Zheng and Ma, Shaodan and Tam, Kam-Weng},
  booktitle={Proc. IEEE Int. Conf. Commun. Workshops}, 
  title={Rate selection for cooperative {HARQ-CC} systems over time-correlated {Nakagami-m} fading channels}, 
  year={Jun. 2015},
  volume={},
  number={},
  pages={919-924},
  doi={10.1109/ICCW.2015.7247293}}

@ARTICLE{8362650,
author={Shi, Zheng and Wang, Liyang and Ma, Shaodan and Yang, Guanghua and Yao, Yao},
journal={IEEE Access},
title={Goodput Maximization of {HARQ-IR} Over Arbitrarily Correlated {Rician} Fading Channels},
year={May 2018},
volume={6},
number={},
pages={28903-28911},
doi={10.1109/ACCESS.2018.2839615}}

  
@ARTICLE{8319455,
author={Shi, Zheng and Ma, Shaodan and Yang, Guanghua and Alouini, Mohamed-Slim},
journal={IEEE Trans. Veh. Technol.},
title={Energy-Efficient Optimization for {HARQ} Schemes Over Time-Correlated Fading Channels},
year={Jun. 2018},
volume={67},
number={6},
pages={4939-4953},
doi={10.1109/TVT.2018.2813981}}

@ARTICLE{5937210,
author={Angelakis, Vangelis and Chen, Lei and Yuan, Di},
journal={IEEE Communications Letters},
title={Optimal and Collaborative Rate Selection for Interference Cancellation in Wireless Networks},
year={2011},
volume={15},
number={8},
pages={819-821},
doi={10.1109/LCOMM.2011.062711.110561}}

@ARTICLE{5692978,
  author={Kim, Su Min and Choi, Wan and Ban, Tae Won and Sung, Dan Keun},
  journal={IEEE Trans. Wireless Commun.}, 
  title={Optimal Rate Adaptation for Hybrid {ARQ} in Time-Correlated {Rayleigh} Fading Channels}, 
  year={Mar. 2011},
  volume={10},
  number={3},
  pages={968-979},
  doi={10.1109/TWC.2011.011111.101027}}

@ARTICLE{5669231,
  author={Jin, Hu and Cho, Changgi and Song, Nah-Oak and Sung, Dan Keun},
  journal={IEEE Trans. Wireless Commun.}, 
  title={Optimal Rate Selection for Persistent Scheduling with {HARQ} in Time-Correlated {Nakagami-m} Fading Channels}, 
  year={Feb. 2011},
  volume={10},
  number={2},
  pages={637-647},
  doi={10.1109/TWC.2011.120810.100634}}

@INPROCEEDINGS{6364609,
  author={Rastegar, Seyed Hamed and Vakilinia, Shahin and Khalaj, Babak Hossein},
  booktitle={Proc. IEEE International Conference on Communications }, 
  title={Rate adaptation and power allocation for time-correlated {MISO} {Rayleigh} fading channel with delay-limited {HARQ}}, 
  year={Jun. 2012},
  volume={},
  number={},
  pages={3915-3919},
  doi={10.1109/ICC.2012.6364609}}

@ARTICLE{9089002,
  author={Xu, Yanqing and Cai, Donghong and Fang, Fang and Ding, Zhiguo and Shen, Chao and Zhu, Gang},
  journal={IEEE Trans. Commun.}, 
  title={Outage Constrained Power Efficient Design for Downlink {NOMA} Systems With Partial {HARQ}}, 
  year={Aug. 2020},
  volume={68},
  number={8},
  pages={5188-5201},
  doi={10.1109/TCOMM.2020.2993080}}

 @INPROCEEDINGS{8644465,
  author={Xu, Yanqing and Cai, Donghong and Ding, Zhiguo and Shen, Chao and Zhu, Gang},
  booktitle={Proc. IEEE Globecom Workshop}, 
  title={Average Power Minimization for Downlink {NOMA} Transmission with Partial {HARQ}}, 
  year={Dec. 2018},
  volume={},
  number={},
  pages={1-5},
  doi={10.1109/GLOCOMW.2018.8644465}}
  
@INPROCEEDINGS{8647914,
  author={Xu, Yanqing and Cai, Donghong and Fang, Fang and Ding, Zhiguo and Shen, Chao and Zhu, Gang},
  booktitle={Proc. IEEE Globecom Workshop}, 
  title={Outage Analysis and Power Allocation for {HARQ-CC} Enabled {NOMA} Downlink Transmission}, 
  year={Dec. 2018},
  volume={},
  number={},
  pages={1-6},
  doi={10.1109/GLOCOM.2018.8647914}}

@ARTICLE{6697940,
  author={Chaitanya, Tumula V. K. and Larsson, Erik G.},
  journal={IEEE Wireless Commun. Lett.}, 
  title={Adaptive Power Allocation for {HARQ} with Chase Combining in Correlated {Rayleigh} Fading Channels}, 
  year={Apr. 2014},
  volume={3},
  number={2},
  pages={169-172},
  doi={10.1109/WCL.2013.122113.130793}}
  
  
  @INPROCEEDINGS{9024538,
  author={Shen, Yifei and Shi, Yuanming and Zhang, Jun and Letaief, Khaled B.},
  booktitle={2019 IEEE Globecom Workshops (GC Wkshps)}, 
  title={A Graph Neural Network Approach for Scalable Wireless Power Control}, 
  year={2019},
  volume={},
  number={},
  pages={1-6},
  doi={10.1109/GCWkshps45667.2019.9024538}}

  @inproceedings{xu20181111,
title={How Powerful are Graph Neural Networks?},
author={Keyulu Xu and Weihua Hu and Jure Leskovec and Stefanie Jegelka},
booktitle={Int. Conf. Learn. Represent., ICLR},
year={Feb. 2019},
url={https://openreview.net/forum?id=ryGs6iA5Km},
}

@ARTICLE{9618652,
  author={He, Shiwen and Xiong, Shaowen and Ou, Yeyu and Zhang, Jian and Wang, Jiaheng and Huang, Yongming and Zhang, Yaoxue},
  journal={IEEE Open Journal of the Communications Society}, 
  title={An Overview on the Application of Graph Neural Networks in Wireless Networks}, 
  year={2021},
  volume={2},
  number={},
  pages={2547-2565},
  doi={10.1109/OJCOMS.2021.3128637}}

@article{BENGIO2021405,
title = {Machine learning for combinatorial optimization: A methodological tour d’horizon},
journal = {European Journal of Operational Research},
volume = {290},
number = {2},
pages = {405-421},
year = {2021},
issn = {0377-2217},
doi = {https://doi.org/10.1016/j.ejor.2020.07.063},
url = {https://www.sciencedirect.com/science/article/pii/S0377221720306895},
author = {Yoshua Bengio and Andrea Lodi and Antoine Prouvost},
keywords = {Combinatorial optimization, Machine learning, Branch and bound, Mixed-integer programming solvers},
abstract = {This paper surveys the recent attempts, both from the machine learning and operations research communities, at leveraging machine learning to solve combinatorial optimization problems. Given the hard nature of these problems, state-of-the-art algorithms rely on handcrafted heuristics for making decisions that are otherwise too expensive to compute or mathematically not well defined. Thus, machine learning looks like a natural candidate to make such decisions in a more principled and optimized way. We advocate for pushing further the integration of machine learning and combinatorial optimization and detail a methodology to do so. A main point of the paper is seeing generic optimization problems as data points and inquiring what is the relevant distribution of problems to use for learning on a given task.}
}

@ARTICLE{9743856,
  author={Sun, Chengjian and Wu, Jiajun and Yang, Chenyang},
  journal={IEEE Wireless Commun.}, 
  title={Improving Learning Efficiency for Wireless Resource Allocation with Symmetric Prior}, 
  year={Apr. 2022},
  volume={29},
  number={2},
  pages={162-168},
  doi={10.1109/MWC.003.21003437}}

@misc{https://doi.org/10.48550/arxiv.1905.13211,
  doi = {10.48550/ARXIV.1905.13211},
  url = {https://arxiv.org/abs/1905.13211},
  author = {Xu, Keyulu and Li, Jingling and Zhang, Mozhi and Du, Simon S. and Kawarabayashi, Ken-ichi and Jegelka, Stefanie},
  keywords = {Machine Learning (cs.LG), Artificial Intelligence (cs.AI), Computer Vision and Pattern Recognition (cs.CV), Neural and Evolutionary Computing (cs.NE), Machine Learning (stat.ML), FOS: Computer and information sciences, FOS: Computer and information sciences},
  title = {What Can Neural Networks Reason About?},
  publisher = {arXiv}, 
  year = {2019},
  copyright = {arXiv.org perpetual, non-exclusive license}
}

@ARTICLE{9252917,
  author={Shen, Yifei and Shi, Yuanming and Zhang, Jun and Letaief, Khaled B.},
  journal={IEEE J. Sel. Areas Commun.}, 
  title={Graph Neural Networks for Scalable Radio Resource Management: {Architecture} Design and Theoretical Analysis}, 
  year={Jan. 2021},
  volume={39},
  number={1},
  pages={101-115},
  doi={10.1109/JSAC.2020.3036965}}

@INPROCEEDINGS{9155259,
  author={Al-Shawabka, Amani and Restuccia, Francesco and D’Oro, Salvatore and Jian, Tong and Costa Rendon, Bruno and Soltani, Nasim and Dy, Jennifer and Ioannidis, Stratis and Chowdhury, Kaushik and Melodia, Tommaso},
  booktitle={Proc. IEEE Conf. Comput. Commun. (INFOCOM)}, 
  title={Exposing the Fingerprint: {Dissecting} the Impact of the Wireless Channel on Radio Fingerprinting}, 
  year={Jul. 2020},
  volume={},
  number={},
  pages={646-655},
  doi={10.1109/INFOCOM41043.2020.9155259}}

@ARTICLE{8335785,
author={Lee, Woongsup and Kim, Minhoe and Cho, Dong-Ho},
journal={IEEE Commun. Lett.},
title={Deep Power Control: {Transmit} Power Control Scheme Based on Convolutional Neural Network},
year={Jun. 2018},
volume={22},
number={6},
pages={1276-1279},
doi={10.1109/LCOMM.2018.2825444}}

@ARTICLE{8444648,
  author={Sun, Haoran and Chen, Xiangyi and Shi, Qingjiang and Hong, Mingyi and Fu, Xiao and Sidiropoulos, Nicholas D.},
  journal={IEEE Trans. Signal Process.}, 
  title={Learning to Optimize: {Training} Deep Neural Networks for Interference Management}, 
  year={Oct. 2018},
  volume={66},
  number={20},
  pages={5438-5453},
  doi={10.1109/TSP.2018.2866382}}
  
@INPROCEEDINGS{8555645,
  author={Shi, Zheng and Zhang, Huan and Zhong, Shenke and Yang, Guanghua and Ye, Xinrong and Ma, Shaodan},
  booktitle={2018 10th International Conference on Wireless Communications and Signal Processing (WCSP)}, 
  title={On the Performance of Variable-Rate HARQ-IR over Beckmann Fading Channels}, 
  year={2018},
  volume={},
  number={},
  pages={1-7},
  doi={10.1109/WCSP.2018.8555645}}

@INPROCEEDINGS{8171001,
author={Shi, Zheng and Ma, Shaodan and Yang, Guanghua and Tam, Kam Weng and Xia, Ming-Hua},
booktitle={Proc. 9th Int. Conf. Wireless Commun. Signal Process. (WCSP)},
title={A general analytical approach for outage analysis of {HARQ-IR} over correlated fading channels},
year={Oct. 2017},
volume={},
number={},
pages={1-6},
doi={10.1109/WCSP.2017.8171001}}


@ARTICLE{7180377,
  author={Shi, Zheng and Ding, Haichuan and Ma, Shaodan and Tam, Kam-Weng},
  journal={IEEE Trans. Wireless Commun.}, 
  title={Analysis of {HARQ-IR} Over Time-Correlated {Rayleigh} Fading Channels}, 
  year={Dec. 2015},
  volume={14},
  number={12},
  pages={7096-7109},
  doi={10.1109/TWC.2015.2464798}}

  @INPROCEEDINGS{7448651,
  author={Shi, Zheng and Ma, Shaodan and Tam, Kam-Weng},
  booktitle={Proc. IEEE/CIC Int. Conf. Commun. (ICCC), Shenzhen, China}, 
  title={Outage analysis on {Type I HARQ} over time-correlated {Rayleigh} fading channels}, 
  year={Nov. 2015},
  volume={},
  number={},
  pages={1-6},
  doi={10.1109/ICCChina.2015.7448651}}


@ARTICLE{1664999,
author={Palomar, D.P. and Mung Chiang},
journal={IEEE J. Sel. Areas Commun.},
title={A tutorial on decomposition methods for network utility maximization},
year={Aug. 2006},
volume={24},
number={8},
pages={1439-1451},
doi={10.1109/JSAC.2006.879350}}

@INPROCEEDINGS{9747764,
author={Li, Boning and Swami, Ananthram and Segarra, Santiago},
booktitle={ Proc. IEEE Int. Conf. Acoust., Speech Signal Process.},
title={Power Allocation for Wireless Federated Learning Using Graph Neural Networks},
year={May 2022},
volume={},
number={},
pages={5243-5247},
doi={10.1109/ICASSP43922.2022.9747764}}

@book{book01,
  author = {E. Dahlman, S. Parkvall, J. Sköld, and P. Beming}, 
  title = {3G Evolution: HSPA
and LTE for Mobile Broadband},
  publisher = {Academic Press},
  year = 2010,
  volume = {},
  series = {},
  address = {San Diego, CA, USA},
  edition = {},
  month = {},
  note = {},
  isbn = {0123745381}
}

@ARTICLE{6094281,
  author={Beaulieu, Norman C. and Hemachandra, Kasun T.},
  journal={IEEE Trans. Inf. Theory}, 
  title={Novel Simple Representations for {Gaussian} Class Multivariate Distributions With Generalized Correlation}, 
  year={Dec. 2011},
  volume={57},
  number={12},
  pages={8072-8083},
  doi={10.1109/TIT.2011.2170133}}

  @ARTICLE{8792078,
  author={Yang, Helin and Alphones, Arokiaswami and Zhong, Wen-De and Chen, Chen and Xie, Xianzhong},
  journal={IEEE Trans. Ind. Informat.}, 
  title={Learning-Based Energy-Efficient Resource Management by Heterogeneous {RF/VLC} for Ultra-Reliable Low-Latency Industrial {IoT} Networks}, 
  year={ Aug. 2020},
  volume={16},
  number={8},
  pages={5565-5576},
  doi={10.1109/TII.2019.2933867}}

@ARTICLE{9439861,
  author={Xu, Lingwei and Zhou, Xinpeng and Tao, Ye and Liu, Lei and Yu, Xu and Kumar, Neeraj},
  journal={ IEEE Trans. Ind. Informat.}, 
  title={Intelligent Security Performance Prediction for {IoT-Enabled} Healthcare Networks Using an Improved {CNN}}, 
  year={Mar. 2022},
  volume={18},
  number={3},
  pages={2063-2074},
  doi={10.1109/TII.2021.3082907}}

  @ARTICLE{6879267,
  author={Chelli, Ali and Zedini, Emna and Alouini, Mohamed-Slim and Barry, John R. and Pätzold, Matthias},
  journal={ IEEE Trans. Wireless Commun.}, 
  title={Performance and Delay Analysis of Hybrid {ARQ} With Incremental Redundancy Over Double {Rayleigh} Fading Channels}, 
  year={Nov. 2014},
  volume={13},
  number={11},
  pages={6245-6258},
  doi={10.1109/TWC.2014.2348561}}

  @INPROCEEDINGS{7833558,
  author={Shi, Zheng and Ma, Shaodan and Hou, Fen and Tam, Kam-Weng and Wu, Yik-Chung},
  booktitle={Proc. IEEE Int. Conf. Commun. Syst. (ICCS), Shenzhen, China}, 
  title={Optimal power allocation for {HARQ} schemes over time-correlated {Nakagami-$m$} fading channels}, 
  year={Jan. 2016},
  volume={},
  number={},
  pages={1-6},
  doi={10.1109/ICCS.2016.7833558}}
  
  @ARTICLE{7959548,
  author={Shi, Zheng and Ma, Shaodan and Yang, Guanghua and Tam, Kam-Weng and Xia, Minghua},
  journal={IEEE Trans. Wireless Commun.}, 
  title={Asymptotic Outage Analysis of {HARQ-IR} Over Time-Correlated {Nakagami-$m$} Fading Channels}, 
  year={Sep. 2017},
  volume={16},
  number={9},
  pages={6119-6134},
  doi={10.1109/TWC.2017.2719032}}

  @ARTICLE{9810267,
  author={Chen, Qian and Meng, Weixiao and Han, Shuai and Li, Cheng and Chen, Hsiao-Hwa},
  journal={IEEE Trans. Commun.}, 
  title={Robust Task Scheduling for Delay-Aware {IoT} Applications in Civil Aircraft-Augmented SAGIN}, 
  year={Aug. 2022},
  volume={70},
  number={8},
  pages={5368-5385},
  doi={10.1109/TCOMM.2022.3186997}}

  @ARTICLE{9089244,
  author={Xing, Liudong},
  journal={IEEE Internet Things J.}, 
  title={Reliability in Internet of Things: Current Status and Future Perspectives}, 
  year={Aug. 2020},
  volume={7},
  number={8},
  pages={6704-6721},
  doi={10.1109/JIOT.2020.2993216}}

  @ARTICLE{8673568,
  author={Ma, Zheng and Xiao, Ming and Xiao, Yue and Pang, Zhibo and Poor, H. Vincent and Vucetic, Branka},
  journal={IEEE Internet Things J.}, 
  title={High-Reliability and Low-Latency Wireless Communication for Internet of Things: Challenges, Fundamentals, and Enabling Technologies}, 
  year={Mar. 2019},
  volume={6},
  number={5},
  pages={7946-7970},
  doi={10.1109/JIOT.2019.2907245}}

  @ARTICLE{9826826,
  author={Khan, Benish Sharfeen and Jangsher, Sobia and Ahmed, Ashfaq and Al-Dweik, Arafat},
  journal={IEEE Open J. Commun. Soc.}, 
  title={{URLLC} and {eMBB} in {5G} Industrial {IoT}: A Survey}, 
  year={May 2022},
  volume={3},
  number={},
  pages={1134-1163},
  doi={10.1109/OJCOMS.2022.3189013}}

  @ARTICLE{9211722,
  author={Ghanami, Fatemeh and Hodtani, Ghosheh Abed and Vucetic, Branka and Shirvanimoghaddam, Mahyar},
  journal={IEEE Internet Things J.}, 
  title={Performance Analysis and Optimization of {NOMA} With {HARQ} for Short Packet Communications in Massive {IoT}}, 
  year={Mar. 2021},
  volume={8},
  number={6},
  pages={4736-4748},
  doi={10.1109/JIOT.2020.3028434}}

  @ARTICLE{10015032,
  author={Shi, Zheng and Wang, Hong and Fu, Yaru and Ye, Xinrong and Yang, Guanghua and Ma, Shaodan},
  journal={IEEE Trans. Commun.}, 
  title={Outage Performance and {AoI} Minimization of {HARQ-IR-RIS} Aided {IoT} Networks}, 
  year={Mar. 2023},
  volume={71},
  number={3},
  pages={1740-1754},
  doi={10.1109/TCOMM.2023.3235995}}

  @INPROCEEDINGS{9606298,
  author={Nomeir, Mohamed W. and Gadallah, Yasser and Seddik, Karim G.},
  booktitle={Proc. 17th Int. Conf. Wireless Mobile Comput., Netw. Commun.
(WiMob), Bologna, Italy},
  title={Uplink Scheduling for Mixed Grant-Based {eMBB} and Grant-Free {URLLC} Traffic in {5G} Networks}, 
  year={Oct. 2021},
  volume={},
  number={},
  pages={187-192},
  doi={10.1109/WiMob52687.2021.9606298}}

  @ARTICLE{9072356,
  author={Eisen, Mark and Ribeiro, Alejandro},
  journal={IEEE Trans. Signal Process.}, 
  title={Optimal Wireless Resource Allocation With Random Edge Graph Neural Networks}, 
  year={Apr. 2020},
  volume={68},
  number={},
  pages={2977-2991},
  doi={10.1109/TSP.2020.2988255}}


