@IEEEtranBSTCTL{IEEEexample:BSTcontrol,
CTLuse_forced_etal       = "yes",
CTLmax_names_forced_etal = "10",
CTLnames_show_etal       = "10" 
}
@article{safari2021off,
  title={Off-the-grid recovery of time and frequency shifts with multiple measurement vectors},
  author={Safari, Maral and Daei, Sajad and Haddadi, Farzan},
  journal={Signal Processing},
  volume={183},
  pages={108016},
  year={2021},
  publisher={Elsevier}
}
@article{valiulahi2019two,
  title={Two-dimensional super-resolution via convex relaxation},
  author={Valiulahi, Iman and Daei, Sajad and Haddadi, Farzan and Parvaresh, Farzad},
  journal={IEEE Transactions on Signal Processing},
  volume={67},
  number={13},
  pages={3372--3382},
  year={2019},
  publisher={IEEE}
}
@article{maskan2023demixing,
  title={Demixing sines and spikes using multiple measurement vectors},
  author={Maskan, Hoomaan and Daei, Sajad and Kahaei, Mohammad Hossein},
  journal={Signal Processing},
  volume={203},
  pages={108786},
  year={2023},
  publisher={Elsevier}
}
@article{daei2019distribution,
  title={Distribution-aware block-sparse recovery via convex optimization},
  author={Daei, Sajad and Haddadi, Farzan and Amini, Arash},
  journal={IEEE Signal Processing Letters},
  volume={26},
  number={4},
  pages={528--532},
  year={2019},
  publisher={IEEE}
}
@article{sayyari2020blind,
  title={Blind two-dimensional super-resolution in multiple-input single-output linear systems},
  author={Sayyari, Shahedeh and Daei, Sajad and Haddadi, Farzan},
  journal={IEEE Signal Processing Letters},
  volume={28},
  pages={583--587},
  year={2020},
  publisher={IEEE}
}
@article{liu2009time,
  title={A time domain algorithm for blind separation of convolutive sound mixtures and $\ell_1$ constrainted minimization of cross correlations},
  author={Liu, Jie and Xin, Jack and Qi, Yingyong and Zheng, Fan-Gang and others},
  journal={Commun. in Math. Sci.},
  year={2009},
  publisher={International Press of Boston}
}
@article{daei2023blind,
  title={Blind goal-oriented massive access for future wireless networks},
  author={Daei, Sajad and Kountouris, Marios},
  journal={IEEE Trans. on Sig. Proc.},
  year={2023}
}
@article{liu2020joint,
  title={Joint radar and communication design: Applications, state-of-the-art, and the road ahead},
  author={Liu, Fan and Masouros, Christos and Petropulu, Athina P and Griffiths, Hugh and Hanzo, Lajos},
  journal={IEEE Trans. on Commun.},
  year={2020}
}
@article{chi2016guaranteed,
	title={Guaranteed blind sparse spikes deconvolution via lifting and convex optimization},
	author={Chi, Yuejie},
	journal={IEEE Journal of Sel. Top. in Sig. Proc.},
	year={2016}
}
@article{sayeed2010wireless,
  title={Wireless communication and sensing in multipath environments using multiantenna transceivers},
  author={Sayeed, Akbar M and Sivanadyan, Thiagarajan},
  journal={Handbook on Array Processing and Sensor Networks},
  pages={115--170},
  year={2010},
  publisher={John Wiley \& Sons, Inc. Hoboken, NJ, USA}
}
@article{razavikia2019reconstruction,
	title={Reconstruction of Binary Shapes From Blurred Images via {Hankel}-Structured Low-Rank Matrix Recovery},
	author={Razavikia, Saeed and Amini, Arash and Daei, Sajad},
	journal={IEEE Trans. on Image Proc.},
	year={2019}
}
@article{Heath2013,
  title={Effects of channel aging in massive MIMO systems},
  author={Truong, Kien T and Heath, Robert W},
  journal={Journal of Communications and Networks},
  volume={15},
  number={4},
  pages={338--351},
  year={2013},
  publisher={KICS}
}
@article{candes2014towards,
  title={Towards a mathematical theory of super-resolution},
  author={Cand{\`e}s, Emmanuel J and Fernandez-Granda, Carlos},
  journal={Communications on pure and applied Mathematics},
  volume={67},
  number={6},
  pages={906--956},
  year={2014},
  publisher={Wiley Online Library}
}
@article{fodor2023optimizing,
  title={Optimizing Pilot Spacing in {MU-MIMO} Systems Operating Over Aging Channels},
  author={Fodor, Sebastian and Fodor, G{\'a}bor and G{\"u}rg{\"u}no{\u{g}}lu, Do{\u{g}}a and Telek, Mikl{\'o}s},
  journal={IEEE Trans. on Commun.},
  year={2023}
}
@misc{grant2014cvx,
	title={{CVX}: {MATLAB} software for disciplined convex programming, version 2.1},
	author={Grant, Michael and Boyd, Stephen},
	year={2014}
}

@INPROCEEDINGS{SaeedBlind2022,
  author={Razavikia, Saeed and Peris, Jaume Anguera and Da Silva, Jos√© Mairton B. and Fischione, Carlo},
  booktitle={IEEE Globecom}, 
  title={Blind Asynchronous Over-the-Air Federated Edge Learning}, 
  year={2022},
}
@ARTICLE{SaeedBinary2020,
  author={Razavikia, Saeed and Amini, Arash and Daei, Sajad},
  journal={IEEE Trans. on Image Proc.}, 
  title={Reconstruction of Binary Shapes From Blurred Images via {Hankel}-Structured Low-Rank Matrix Recovery}, 
  year={2020}
}
@INPROCEEDINGS{MohammadSingle2022,
  author={Bokaei, Mohammad and Razavikia, Saeed and Amini, Arash and Rini, Stefano},
  booktitle={EUSIPCO}, 
  title={Single-Snapshot {DOA} Estimation via Weighted {Hankel}-Structured Matrix Completion}, 
  year={2022}
}
@INPROCEEDINGS{MohammadDouble2022,
  author={Bokaei, Mohammad and Razavikia, Saeed and Amini, Arash and Rini, Stefano},
  booktitle={IEEE  ICASSP}, 
  title={Two-Snapshot {DOA} Estimation Via {Hankel}-Structured Matrix Completion}, 
  year={2022}
}
@ARTICLE{SeidiDemixing2022,
  author={Seidi, Mohammadreza and Razavikia, Saeed and Daei, Sajad and Oberhammer, Joachim},
  journal={IEEE Commun. Letters}, 
  title={A Novel Demixing Algorithm for Joint Target Detection and Impulsive Noise Suppression}, 
  year={2022}
}
@INPROCEEDINGS{Jacome2020DualBlind,
  author={Jacome, Roman and Mishra, Kumar Vijay and Vargas, Edwin and Sadler, Brian M. and Arguello, Henry},
  booktitle={IEEE SPAWC}, 
  title={Multi-Dimensional Dual-Blind Deconvolution Approach Toward Joint Radar-Communications}, 
  year={2022}
  }

@article{three-dimensionalsuper,
	title={Three-dimensional super-resolution imaging by stochastic optical reconstruction microscopy},
	author={Huang, Bo and Wang, Wenqin and Bates, Mark and Zhuang, Xiaowei},
	journal={Science},
	year={2008},
	publisher={American Association for the Advancement of Science}
}
@article{jung2017blind,
  title={Blind demixing and deconvolution at near-optimal rate},
  author={Jung, Peter and Krahmer, Felix and St{\"o}ger, Dominik},
  journal={IEEE Trans. on Info. Theo.},
  year={2017},
}


@inproceedings{vetterli2010multichannel,
  title={Multichannel sampling with unknown gains and offsets: A fast reconstruction algorithm},
  author={Vetterli, Martin and Lu, Yue},
  booktitle={Proceedings of Allerton Conference on Communication, Control and Computing},
  year={2010}
}
@article{jain2017non,
  title={Non-convex optimization for machine learning},
  author={Jain, Prateek and Kar, Purushottam and others},
  journal={Found. and Trends{\textregistered} in ML},
  year={2017},
  publisher={Now Publishers, Inc.}
}
@article{ahmed2013blind,
	title={Blind deconvolution using convex programming},
	author={Ahmed, Ali and Recht, Benjamin and Romberg, Justin},
	journal={IEEE Trans. on Info. Theo.},
	year={2013}
}
@article{ling2015self,
	title={Self-calibration and biconvex compressive sensing},
	author={Ling, Shuyang and Strohmer, Thomas},
	journal={Inverse Problems},
	year={2015},
	publisher={IOP Publishing}
}

@article{candes2013phaselift,
  title={Phaselift: Exact and stable signal recovery from magnitude measurements via convex programming},
  author={Candes, Emmanuel J and Strohmer, Thomas and Voroninski, Vladislav},
  journal={Commus. on Pure and App. Math.},
  year={2013},
  publisher={Wiley Online Library}
}
@article{chandrasekaran2012convex,
	title={The convex geometry of linear inverse problems},
	author={Chandrasekaran, Venkat and Recht, Benjamin and Parrilo, Pablo A and Willsky, Alan S},
	journal={Found. of Comp. Math.},
	year={2012},
	publisher={Springer}
}
@ARTICLE{SayyariBlind2021,
  author={Sayyari, Shahedeh and Daei, Sajad and Haddadi, Farzan},
  journal={IEEE Sig. Proc. Letters}, 
  title={Blind Two-Dimensional Super-Resolution in Multiple-Input Single-Output Linear Systems}, 
  year={2021}
  }
  @article{ke2020compressive,
  title={Compressive sensing-based adaptive active user detection and channel estimation: Massive access meets massive {MIMO}},
  author={Ke, Malong and Gao, Zhen and Wu, Yongpeng and Gao, Xiqi and Schober, Robert},
  journal={IEEE Trans. on Sig. Proc.},
  year={2020}
}
@inproceedings{razavikia2023computing,
  title={Computing Functions Over-the-Air Using Digital Modulations},
  author={Razavikia, Saeed and Silva Jr, Jose Mairton Barros da and Fischione, Carlo},
  booktitle={ICC},
  year={2023}
}
@inproceedings{daei2023blinda,
  title={Blind Asynchronous Goal-Oriented Detection for Massive Connectivity},
  author={Daei, Sajad and Razavikia, Saeed and Kountouris, Marios and Skoglund, Mikael and Fodor, Gabor and Fischione, Carlo},
  booktitle={WiOPt},
  year={2023}
}
@article{seidi2022novel,
  title={A Novel Demixing Algorithm for Joint Target Detection and Impulsive Noise Suppression},
  author={Seidi, Mohammadreza and Razavikia, Saeed and Daei, Sajad and Oberhammer, Joachim},
  journal={IEEE Commun. Letters},
  volume={26},
  number={11},
  pages={2750--2754},
  year={2022}
}
@inproceedings{razavikia2019sampling,
  title={Sampling and recovery of binary shapes via low-rank structures},
  author={Razavikia, Saeed and Zamani, Hojatollah and Amini, Arash},
  booktitle={2019 13th International conference on Sampling Theory and Applications (SampTA)},
  pages={1--4},
  year={2019},
  organization={IEEE}
}


