@article{chiani2003new,
  title={New exponential bounds and approximations for the computation of error probability in fading channels},
  author={Chiani, M. and Dardari, D. and Simon, M.},
  journal={IEEE Transactions on Wireless Communications},
  volume={2},
  number={4},
  pages={840--845},
  year={2003},
  publisher={IEEE}
}

@article{amindavar1994pade,
  title={{Pad\'e} approximations of probability density functions},
  author={Amindavar, Hamidreza and Ritcey, James A},
  journal={IEEE Transactions on Aerospace and Electronic Systems},
  volume={30},
  number={2},
  pages={416--424},
  year={1994},
  publisher={IEEE}
}

@inproceedings{gianelli2016one,
  title={One-bit compressive sampling with time-varying thresholds for sparse parameter estimation},
  author={Gianelli, C. and Xu, L. and Li, J. and Stoica, P.},
  booktitle={2016 IEEE Sensor Array and Multichannel Signal Processing Workshop (SAM)},
  pages={1--5},
  year={2016},
  organization={IEEE}
}

@inproceedings{qian2017admm,
  title={{ADMM} for harmonic retrieval from one-bit sampling with time-varying thresholds},
  author={Qian, C. and Li, J.},
  booktitle={2017 IEEE International Conference on Acoustics, Speech and Signal Processing (ICASSP)},
  pages={3699--3703},
  year={2017},
  organization={IEEE}
}

@article{bar2002doa,
  title={{DoA} estimation using one-bit quantized measurements},
  author={Bar-Shalom, O. and Weiss, A.},
  journal={IEEE Transactions on Aerospace and Electronic Systems},
  volume={38},
  number={3},
  pages={868--884},
  year={2002},
  publisher={IEEE}
}

@article{van1966spectrum,
  title={The spectrum of clipped noise},
  author={Van Vleck, J. H.  and Middleton, David},
  journal={Proceedings of the IEEE},
  volume={54},
  number={1},
  pages={2--19},
  year={1966},
  publisher={IEEE}
}

@article{jacovitti1994estimation,
  title={Estimation of the autocorrelation function of complex {Gaussian} stationary processes by amplitude clipped signals},
  author={Jacovitti, Giovanni and Neri, Alessandro},
  journal={IEEE transactions on information theory},
  volume={40},
  number={1},
  pages={239--245},
  year={1994},
  publisher={IEEE}
}

@article{jacovitti1987methods,
  title={Methods for estimating the autocorrelation function of complex {Gaussian} stationary processes},
  author={Jacovitti, Giovanni and Neri, Alessandro and Cusani, Roberto},
  journal={IEEE Transactions on Acoustics, Speech, and Signal Processing},
  volume={35},
  number={8},
  pages={1126--1138},
  year={1987},
  publisher={IEEE}
}

@inproceedings{liu2017one,
  title={One-bit sparse array {DoA} estimation},
  author={Liu, C. and Vaidyanathan, P.P.},
  booktitle={2017 IEEE International Conference on Acoustics, Speech and Signal Processing (ICASSP)},
  pages={3126--3130},
  year={2017},
  organization={IEEE}
}

@inproceedings{ameri2018one,
  title={One-bit radar processing and estimation with time-varying sampling thresholds},
  author={Ameri, A. and Li, J. and Soltanalian, M.},
  booktitle={2018 IEEE 10th Sensor Array and Multichannel Signal Processing Workshop (SAM)},
  pages={208--212},
  year={2018},
  organization={IEEE}
}

@article{instrumentsanalog,
  title={Analog Embedded Processing},
  author={Instruments, Texas},
  journal={Active Filter Design Techniques, Literature Number SLOA088 Texas Instruments, excerpted from OP-Amps for Everyone, Literature Number SLOD006A}
}

@article{basdevant1972pade,
  title={The {Pad\'e} approximation and its physical applications},
  author={Basdevant, JL},
  journal={Fortschritte der Physik},
  volume={20},
  number={5},
  pages={283--331},
  year={1972},
  publisher={Wiley Online Library}
}

@article{brezinski1995taste,
  title={A taste of {Pad\'e} approximation},
  author={Brezinski, Claude and Van Iseghem, J},
  journal={Acta numerica},
  volume={4},
  pages={53--103},
  year={1995},
  publisher={Cambridge University Press}
}

@article{gonnet2013robust,
  title={Robust {Pad\'e} approximation via {SVD}},
  author={Gonnet, Pedro and Guttel, Stefan and Trefethen, Lloyd N},
  journal={SIAM review},
  volume={55},
  number={1},
  pages={101--117},
  year={2013},
  publisher={SIAM}
}

@article{khobahi2020model,
  title={Model-Based Deep Learning for One-Bit Compressive Sensing},
  author={Khobahi, S. and Soltanalian, M.},
  journal={IEEE Transactions on Signal Processing},
  volume={68},
  pages={5292--5307},
  year={2020},
  publisher={IEEE}
}

@inproceedings{sedighi2020one,
  title={One-bit {DoA} estimation via sparse linear arrays},
  author={Sedighi, S. and Shankar, B. and Soltanalian, M. and Ottersten, B.},
  booktitle={IEEE International Conference on Acoustics, Speech and Signal Processing (ICASSP)},
  pages={9135--9139},
  year={2020},
  organization={IEEE}
}

@inproceedings{khobahi2018signal,
  title={Signal recovery from 1-bit quantized noisy samples via adaptive thresholding},
  author={Khobahi, S. and Soltanalian, M.},
  booktitle={2018 52nd Asilomar Conference on Signals, Systems, and Computers},
  pages={1757--1761},
  year={2018},
  organization={IEEE}
}

@inproceedings{wang2017angular,
  title={On angular-domain channel estimation for one-bit massive {MIMO} systems with fixed and time-varying thresholds},
  author={Wang, P. and Li, J. and Pajovic, M. and Boufounos, P. T. and Orlik, Philip V},
  booktitle={51st Asilomar Conference on Signals, Systems, and Computers},
  pages={1056--1060},
  year={2017},
  organization={IEEE}
}

@article{xi2020gridless,
  title={Gridless parameter estimation for one-bit {MIMO} radar with time-varying thresholds},
  author={Xi, F. and Xiang, Y. and Chen, S. and Nehorai, A.},
  journal={IEEE Transactions on Signal Processing},
  volume={68},
  pages={1048--1063},
  year={2020},
  publisher={IEEE}
}

@article{mezghani2018blind,
  title={Blind estimation of sparse broadband massive {MIMO} channels with ideal and one-bit {ADCs}},
  author={Mezghani, A. and Swindlehurst, A. L.},
  journal={IEEE Transactions on Signal Processing},
  volume={66},
  number={11},
  pages={2972--2983},
  year={2018},
  publisher={IEEE}
}

@article{bollerslev1994arch,
  title={ARCH models},
  author={Bollerslev, Tim and Engle, Robert F and Nelson, Daniel B},
  journal={Handbook of econometrics},
  volume={4},
  pages={2959--3038},
  year={1994},
  publisher={Elsevier}
}

@article{tanash2020global,
  title={Global Minimax Approximations and Bounds for the {G}aussian {Q}-Function by Sums of Exponentials},
  author={Tanash, Islam M and Riihonen, Taneli},
  journal={IEEE Transactions on Communications},
  volume={68},
  number={10},
  pages={6514--6524},
  year={2020},
  publisher={IEEE}
}

@misc{abramowitz1988handbook,
  title={Handbook of mathematical functions with formulas, graphs, and mathematical tables},
  author={Abramowitz, Milton and Stegun, Irene A and Romer, Robert H},
  year={1988},
  publisher={American Association of Physics Teachers}
}

@article{swarztrauber2003computing,
  title={On computing the points and weights for Gauss--Legendre quadrature},
  author={Swarztrauber, Paul N},
  journal={SIAM Journal on Scientific Computing},
  volume={24},
  number={3},
  pages={945--954},
  year={2003},
  publisher={SIAM}
}

@article{lether1978construction,
  title={On the construction of Gauss-Legendre quadrature rules},
  author={Lether, Frank G},
  journal={Journal of Computational and Applied Mathematics},
  volume={4},
  number={1},
  pages={47--52},
  year={1978},
  publisher={Elsevier}
}

@book{evans2000approximating,
  title={Approximating integrals via Monte Carlo and deterministic methods},
  author={Evans, Michael and Swartz, Timothy},
  volume={20},
  year={2000},
  publisher={OUP Oxford}
}

@article{caflisch1998monte,
  title={Monte carlo and quasi-monte carlo methods},
  author={Caflisch, Russel E and others},
  journal={Acta numerica},
  volume={1998},
  pages={1--49},
  year={1998},
  publisher={Cambridge University Press}
}

@article{bussgang1952crosscorrelation,
  title={Crosscorrelation functions of amplitude-distorted {G}aussian signals},
  author={Bussgang, Julian Jakob},
  year={1952},
  publisher={Research Laboratory of Electronics, Massachusetts Institute of Technology}
}

@inproceedings{eamaz2021modified,
  title={Modified Arcsine Law for One-Bit Sampled Stationary Signals with Time-Varying Thresholds},
  author={Eamaz, A. and Yeganegi, F. and Soltanalian, M.},
  booktitle={ICASSP 2021-2021 IEEE International Conference on Acoustics, Speech and Signal Processing (ICASSP)},
  pages={5459--5463},
  year={2021},
  organization={IEEE}
}

@book{hayes2009statistical,
  title={Statistical digital signal processing and modeling},
  author={Hayes, Monson H},
  year={2009},
  publisher={John Wiley \& Sons}
}

@misc{lordnet,
      title={LoRD-Net: Unfolded Deep Detection Network with Low-Resolution Receivers}, 
      author={Khobahi, S. and Shlezinger. N. and Soltanalian, M. and Eldar, Y.C.},
      year={2021},
      eprint={2102.02993},
      archivePrefix={arXiv},
      primaryClass={eess.SP}
}

@ARTICLE{Monga,
  author={V. {Monga} and Y. {Li} and Y. C. {Eldar}},
  journal={IEEE Signal Processing Magazine}, 
  title={Algorithm Unrolling: Interpretable, Efficient Deep Learning for Signal and Image Processing}, 
  year={2021},
  volume={38},
  number={2},
  pages={18-44},
  doi={10.1109/MSP.2020.3016905}}

@inproceedings{FienupML,
author = {S. W. Paine and J. R. Fienup},
title = {{Smart starting guesses from machine learning for phase retrieval}},
volume = {10698},
booktitle = {Space Telescopes and Instrumentation 2018: Optical, Infrared, and Millimeter Wave},
organization = {International Society for Optics and Photonics},
publisher = {SPIE},
pages = {1681 -- 1687},
keywords = {Machine Learning, Phase Retrieval, Wavefront Sensing},
year = {2018},
doi = {10.1117/12.2307858},
URL = {https://doi.org/10.1117/12.2307858}
}

@inproceedings{Sarnik,
author = {A. M. Sarnik},
title = {{Phase retrieval: A practical application for the space telescope}},
volume = {0558},
booktitle = {Inverse Optics II},
editor = {R.H.T. Bates and A. J. Devaney},
organization = {International Society for Optics and Photonics},
publisher = {SPIE},
pages = {85 -- 94},
year = {1985},
doi = {10.1117/12.949578},
URL = {https://doi.org/10.1117/12.949578}
}

@article{Fienup93,
author = {J. R. Fienup and J. C. Marron and T. J. Schulz and J. H. Seldin},
journal = {Appl. Opt.},
keywords = {Discrete Fourier transforms; Image reconstruction; Optical fields; Phase retrieval; Space telescopes; Wave front sensing},
number = {10},
pages = {1747--1767},
publisher = {OSA},
title = {Hubble Space Telescope characterized by using phase-retrieval algorithms},
volume = {32},
month = {Apr},
year = {1993},
url = {http://ao.osa.org/abstract.cfm?URI=ao-32-10-1747},
doi = {10.1364/AO.32.001747},
abstract = {We describe several results characterizing the Hubble Space Telescope from measured point spread functions by using phase-retrieval algorithms. The Cramer--Rao lower bounds show that point spread functions taken well out of focus result in smaller errors when aberrations are estimated and that, for those images, photon noise is not a limiting factor. Reconstruction experiments with both simulated and real data show that the calculation of wave-front propagation by the retrieval algorithms must be performed with a multiple-plane propagation rather than a simple fast Fourier transform to ensure the high accuracy ruired. Pupil reconstruction was performed and indicates a misalignment of the optical axis of a camera relay telescope relative to the main telescope. After we accounted for measured spherical aberration in the relay telescope, our estimate of the conic constant of the primary mirror of the HST was {\textminus}1.0144.},
}

@article{Krist95,
author = {J. E. Krist and C. J. Burrows},
journal = {Appl. Opt.},
keywords = {Imaging telescopes; Optical components; Optical testing; Phase retrieval; Space telescopes; Spatial frequency},
number = {22},
pages = {4951--4964},
publisher = {OSA},
title = {Phase-retrieval analysis of pre- and post-repair Hubble Space Telescope images},
volume = {34},
month = {Aug},
year = {1995},
url = {http://ao.osa.org/abstract.cfm?URI=ao-34-22-4951},
doi = {10.1364/AO.34.004951},
abstract = {Phase-retrieval measurements of point-spread functions from the pre- and post-repair Hubble Space Telescope are presented. The primary goal was to determine the aberrations present in the second wide-field and planetary camera (WFPC2) to align and validate its corrective optics. With both parametric model-fitting techniques and iterative (Gerchberg--Saxton) methods, accurate measurements have been obtained of the WFPC2 and Hubble Space Telescope optics, including improved maps of the zonal errors in the mirrors. Additional phase-retrieval results were obtained for the aberrated, prerepair cameras and the corrected faint-object camera. The information has been used to improve models produced by point-spread-function simulation programs. On the basis of the measurements a conic constant for the primary mirror of $\kappa$ $=$ {\textminus}1.0144 has been derived.},
}

@ARTICLE{8055634,
  author={N. {Shlezinger} and R. {Dabora} and Y. C. {Eldar}},
  journal={IEEE Transactions on Signal Processing}, 
  title={Measurement Matrix Design for Phase Retrieval Based on Mutual Information}, 
  year={2018},
  volume={66},
  number={2},
  pages={324-339},}

@article{randCAND2,
   title={Solving Quadratic Equations via PhaseLift When There Are About as Many Equations as Unknowns},
   volume={14},
   ISSN={1615-3383},
   url={http://dx.doi.org/10.1007/s10208-013-9162-z},
   DOI={10.1007/s10208-013-9162-z},
   number={5},
   journal={Foundations of Computational Mathematics},
   publisher={Springer Science and Business Media LLC},
   author={Candès, Emmanuel J and Li, X.},
   year={2013},
   month={Jun},
   pages={1017–1026}
}

@article{randCAND,
   title={Phase Retrieval via Matrix Completion},
   volume={57},
   ISSN={1095-7200},
   url={http://dx.doi.org/10.1137/151005099},
   DOI={10.1137/151005099},
   number={2},
   journal={SIAM Review},
   publisher={Society for Industrial & Applied Mathematics (SIAM)},
   author={Candès, E. J. and Eldar, Y. C. and Strohmer, T. and Voroninski, V.},
   year={2015},
   month={Jan},
   pages={225–251}
}

@article{Shle,
   title={Measurement Matrix Design for Phase Retrieval Based on Mutual Information},
   volume={66},
   ISSN={1941-0476},
   url={http://dx.doi.org/10.1109/TSP.2017.2759101},
   DOI={10.1109/tsp.2017.2759101},
   number={2},
   journal={IEEE Transactions on Signal Processing},
   publisher={Institute of Electrical and Electronics Engineers (IEEE)},
   author={Shlezinger, N. and Dabora, R. and Eldar, Y. C.},
   year={2018},
   month={Jan},
   pages={324–339}
}

@ARTICLE{liGE,
  author={S. {Li} and G. {Ge}},
  journal={IEEE Transactions on Information Theory}, 
  title={Deterministic Sensing Matrices Arising From Near Orthogonal Systems}, 
  year={2014},
  volume={60},
  number={4},
  pages={2291-2302},}

@book{foucart,
author = {Foucart, S. and Rauhut, H.},
title = {A Mathematical Introduction to Compressive Sensing},
year = {2013},
isbn = {0817649476},
publisher = {Birkh\"{a}user Basel}
}

@ARTICLE{candesRANDOM2,
  author={E. J. {Candes} and J. {Romberg} and T. {Tao}},
  journal={IEEE Transactions on Information Theory}, 
  title={Robust uncertainty principles: exact signal reconstruction from highly incomplete frequency information}, 
  year={2006},
  volume={52},
  number={2},
  pages={489-509},}

@ARTICLE{candesRANDOM1,
  author={E. J. {Candes} and T. {Tao}},
  journal={IEEE Transactions on Information Theory}, 
  title={Near-Optimal Signal Recovery From Random Projections: Universal Encoding Strategies?}, 
  year={2006},
  volume={52},
  number={12},
  pages={5406-5425},}

@article{hersheyDUN,
  title={Deep unfolding: Model-based inspiration of novel deep architectures},
  author={Hershey, John R and Roux, Jonathan Le and Weninger, Felix},
  journal={arXiv preprint arXiv:1409.2574},
  year={2014}
}

@article{lecun,
author = {LeCun, Y. and Bengio, Y. and Hinton, G.},
year = {2015},
month = {May},
pages = {436-44},
title = {Deep Learning},
volume = {521},
journal = {Nature},
doi = {10.1038/nature14539}
}

@article{adaptive2,
author = {Blumensath, T. and Davies, M.},
year = {2009},
month = {Dec},
pages = {265-274},
title = {Iterative Hard Thresholding for Compressed Sensing},
volume = {27},
journal = {Applied and Computational Harmonic Analysis},
doi = {10.1016/j.acha.2009.04.002}
}

@ARTICLE{designCNN2, author={W. {Shi} and F. {Jiang} and S. {Liu} and D. {Zhao}}, journal={IEEE Transactions on Image Processing}, title={Image Compressed Sensing Using Convolutional Neural Network}, year={2020}, volume={29}, number={}, pages={375-388},}

@INPROCEEDINGS{designNorm, author={H. B. {Sharanabasaveshwara} and S. {Herur}}, booktitle={2018 Second International Conference on Advances in Electronics, Computers and Communications (ICAECC)}, title={Designing of Sensing Matrix for Compressive Sensing and Reconstruction}, year={2018}, volume={}, number={}, pages={1-5},}

@ARTICLE{designMMV, author={H. {Palangi} and R. {Ward} and L. {Deng}}, journal={IEEE Transactions on Signal Processing}, title={Distributed Compressive Sensing: A Deep Learning Approach}, year={2016}, volume={64}, number={17}, pages={4504-4518},}

@INPROCEEDINGS{designSDA, author={A. {Mousavi} and A. B. {Patel} and R. G. {Baraniuk}}, booktitle={2015 53rd Annual Allerton Conference on Communication, Control, and Computing (Allerton)}, title={A deep learning approach to structured signal recovery}, year={2015}, volume={}, number={}, pages={1336-1343},}

@InProceedings{designCNN,
author="Dong, C.
and Loy, C. C.
and He, K.
and Tang, X.",
editor="Fleet, David
and Pajdla, Tomas
and Schiele, Bernt
and Tuytelaars, Tinne",
title="Learning a Deep Convolutional Network for Image Super-Resolution",
booktitle="Computer Vision -- ECCV 2014",
year="2014",
publisher="Springer International Publishing",
address="Cham",
pages="184--199",
abstract="We propose a deep learning method for single image super-resolution (SR). Our method directly learns an end-to-end mapping between the low/high-resolution images. The mapping is represented as a deep convolutional neural network (CNN) [15] that takes the low-resolution image as the input and outputs the high-resolution one. We further show that traditional sparse-coding-based SR methods can also be viewed as a deep convolutional network. But unlike traditional methods that handle each component separately, our method jointly optimizes all layers. Our deep CNN has a lightweight structure, yet demonstrates state-of-the-art restoration quality, and achieves fast speed for practical on-line usage.",
isbn="978-3-319-10593-2"
}

@INPROCEEDINGS{adaptiveSparse,
  author={J. {Haupt} and R. {Nowak} and R. {Castro}},
  booktitle={2009 IEEE 13th Digital Signal Processing Workshop and 5th IEEE Signal Processing Education Workshop}, 
  title={Adaptive Sensing for Sparse Signal Recovery}, 
  year={2009},
  volume={},
  number={},
  pages={702-707},
  doi={10.1109/DSP.2009.4786013}}

@ARTICLE{xrayCCD, author={I. {Frosio} and N. A. {Borghese}}, journal={IEEE Transactions on Medical Imaging}, title={Statistical Based Impulsive Noise Removal in Digital Radiography}, year={2009}, volume={28}, number={1}, pages={3-16},}

@article{Fienupastro,
  title={Phase-retrieval algorithms for a complicated optical system.},
  author={J. R. Fienup},
  journal={Applied optics},
  year={1993},
  volume={32 10},
  pages={
          1737-46
        }
}

@article{keysers2007comparison,
  title={Comparison and combination of state-of-the-art techniques for handwritten character recognition: topping the mnist benchmark},
  author={Keysers, Daniel},
  journal={arXiv preprint arXiv:0710.2231},
  year={2007}
}

@ARTICLE{AltGD,  author={C. {Qian} and X. {Fu} and N. D. {Sidiropoulos} and L. {Huang} and J. {Xie}},  journal={IEEE Transactions on Signal Processing},  title={Inexact Alternating Optimization for Phase Retrieval in the Presence of Outliers},   year={2017},  volume={65},  number={22},  pages={6069-6082},}

@ARTICLE{CRAF,  author={L. {Zhang} and G. {Wang} and G. B. {Giannakis} and J. {Chen}},  journal={IEEE Transactions on Signal Processing},  title={Compressive Phase Retrieval via Reweighted Amplitude Flow},   year={2018},  volume={66},  number={19},  pages={5029-5040},}

@incollection{randquad,
title = {Solving Most Systems of Random Quadratic Equations},
author = {Wang, G. and Giannakis, G. and Saad, Y. and Chen, J.},
booktitle = {Advances in Neural Information Processing Systems 30},
editor = {I. Guyon and U. V. Luxburg and S. Bengio and H. Wallach and R. Fergus and S. Vishwanathan and R. Garnett},
pages = {1867--1877},
year = {2017},
publisher = {Curran Associates, Inc.},
url = {http://papers.nips.cc/paper/6783-solving-most-systems-of-random-quadratic-equations.pdf}
}

@article{sparseseen,
author = {Jaganathan, K. and Eldar, Y.C. and Hassibi, B.},
year = {2015},
month = {Oct},
pages = {},
title = {Phase Retrieval: An Overview of Recent Developments}
}

@ARTICLE{sparsebad,  author={D. S. {Weller} and A. {Pnueli} and G. {Divon} and O. {Radzyner} and Y. C. {Eldar} and J. A. {Fessler}},  journal={IEEE Transactions on Computational Imaging},  title={Undersampled Phase Retrieval With Outliers},   year={2015},  volume={1},  number={4},  pages={247-258},}

@INPROCEEDINGS{SPARTA,  author={G. {Wang} and G. B. {Giannakis} and J. {Chen} and M. {Akçakaya}},  booktitle={2017 IEEE International Conference on Acoustics, Speech and Signal Processing (ICASSP)},  title={{SPARTA}: Sparse phase retrieval via Truncated Amplitude flow},   year={2017},  volume={},  number={},  pages={3974-3978},}

@article{bertocchi2019deep,
  title={Deep unfolding of a proximal interior point method for image restoration},
  author={Bertocchi, C. and Chouzenoux, E. and Corbineau, M.-C. and Pesquet, J.-C. and Prato, Marco},
  journal={Inverse Problems},
  year={2019},
  publisher={IOP Publishing}
}

@inproceedings{khobahi2019deep,
  title={Deep signal recovery with one-bit quantization},
  author={Khobahi, S. and Naimipour, N. and Soltanalian, M. and Eldar, Y. C.},
  booktitle={ICASSP 2019-2019 IEEE International Conference on Acoustics, Speech and Signal Processing (ICASSP)},
  pages={2987--2991},
  year={2019},
  organization={IEEE}
}

@article{shlezinger2020deepsic,
  title={Deep{SIC}: Deep soft interference cancellation for multiuser {MIMO} detection},
  author={Shlezinger, N. and Fu, R. and Eldar, Y. C.},
  journal={arXiv preprint arXiv:2002.03214},
  year={2020}
}

@article{hershey2014deep,
  title={Deep unfolding: Model-based inspiration of novel deep architectures},
  author={Hershey, J. R. and Roux, J. L. and Weninger, F.},
  journal={arXiv preprint arXiv:1409.2574},
  year={2014}
}

@ARTICLE{khobahi2019model,  author={S. {Khobahi} and M. {Soltanalian}},  journal={IEEE Transactions on Signal Processing},   title={Model-Based Deep Learning for One-Bit Compressive Sensing},   year={2020},  volume={68},  number={},  pages={5292-5307},  doi={10.1109/TSP.2020.3022319}}

@inproceedings{balatsoukas2019deep,
  title={Deep unfolding for communications systems: A survey and some new directions},
  author={Balatsoukas-Stimming, Alexios and Studer, Christoph},
  booktitle={2019 IEEE International Workshop on Signal Processing Systems (SiPS)},
  pages={266--271},
  year={2019},
  organization={IEEE}
}

@inproceedings{shlezinger2019viterbinet,
  title={ViterbiNet: Symbol detection using a deep learning based {Viterbi} algorithm},
  author={Shlezinger, N. and Eldar, Y. C. and Farsad, N. and Goldsmith, A. J.},
  booktitle={2019 IEEE 20th International Workshop on Signal Processing Advances in Wireless Communications (SPAWC)},
  pages={1--5},
  year={2019},
  organization={IEEE}
}

@article{farsad2020data,
  title={Data-Driven Symbol Detection via Model-Based Machine Learning},
  author={Farsad, N. and Shlezinger, N. and Goldsmith, A. J. and Eldar, Y. C.},
  journal={arXiv preprint arXiv:2002.07806},
  year={2020}
}

@article{Millane,
author = {R. P. Millane},
journal = {J. Opt. Soc. Am. A},
keywords = {Fourier transforms; Phase retrieval; Reconstruction algorithms; Speckle imaging; X ray crystallography; X ray diffraction},
number = {3},
pages = {394--411},
publisher = {OSA},
title = {Phase retrieval in crystallography and optics},
volume = {7},
month = {Mar},
year = {1990},
url = {http://josaa.osa.org/abstract.cfm?URI=josaa-7-3-394},
doi = {10.1364/JOSAA.7.000394},
abstract = {Phase problems occur in many scientific disciplines, particularly those involving remote sensing using a wave field. Although there has been much interest in phase retrieval in optics and in imaging in general over the past decade, phase retrieval has a much longer history in x-ray crystallography, and a variety of powerful and practical techniques have been developed. The nature of crystallography means that crystallographic phase problems are distinct from those in other imaging contexts, but there are a number of commonalities. Here the principles of phase retrieval in crystallography are outlined and are compared and contrasted with phase retrieval in general imaging. Uniqueness results are discussed, but the emphasis is on phase-retrieval algorithms and areas in which results in one discipline have, and may, contribute to the other.},
}

@book{goodfellow2016deep,
  title={Deep learning},
  author={Goodfellow, Ian and Bengio, Yoshua and Courville, Aaron and Bengio, Yoshua},
  volume={1},
  number={2},
  year={2016},
  publisher={MIT press Cambridge}
}

@InProceedings{metzler,
  title = 	 {pr{D}eep: Robust Phase Retrieval with a Flexible Deep Network},
  author = 	 {Metzler, C.A. and Schniter, P. and Veeraraghavan, A. and R. G. Baraniuk},
  booktitle = 	 {Proceedings of the 35th International Conference on Machine Learning},
  pages = 	 {3501--3510},
  year = 	 {2018},
  volume = 	 {80},
  publisher = 	 {PMLR},
  pdf = 	 {http://proceedings.mlr.press/v80/metzler18a/metzler18a.pdf},
  url = 	 {http://proceedings.mlr.press/v80/metzler18a.html},
  abstract = 	 {Phase retrieval algorithms have become an important component in many modern computational imaging systems. For instance, in the context of ptychography and speckle correlation imaging, they enable imaging past the diffraction limit and through scattering media, respectively. Unfortunately, traditional phase retrieval algorithms struggle in the presence of noise. Progress has been made recently on developing more robust algorithms using signal priors, but at the expense of limiting the range of supported measurement models (e.g., to Gaussian or coded diffraction patterns). In this work we leverage the regularization-by-denoising framework and a convolutional neural network denoiser to create prDeep, a new phase retrieval algorithm that is both robust and broadly applicable. We test and validate prDeep in simulation to demonstrate that it is robust to noise and can handle a variety of system models.}
}

@inproceedings{kim,
author = {Kim, W. and Hayes, M. H.},
title = {The Phase Retrieval Problem in X-Ray Crystallography},
year = {1991},
isbn = {0780300033},
publisher = {IEEE Computer Society},
address = {USA},
booktitle = {Proceedings of the Acoustics, Speech, and Signal Processing, 1991. ICASSP-91., 1991 International Conference},
pages = {1765–1768},
numpages = {4},
series = {ICASSP ’91}
}

@ARTICLE{candes,
author={E. J. {Candès} and X. {Li} and M. {Soltanolkotabi}},
journal={IEEE Transactions on Information Theory},
title={Phase Retrieval via {Wirtinger} Flow: Theory and Algorithms},
year={2015},
volume={61},
number={4},
pages={1985-2007},
keywords={computational complexity;concave programming;gradient methods;information retrieval;Wirtinger flow;nonconvex formulation;concrete solution algorithm;spectral method;low computational complexity;gradient descent scheme;phase information retrieval;random measurements;near-linear time algorithm;coded diffraction patterns;nonconvex optimization scheme;Vectors;Diffraction;Convergence;Computational modeling;Optimization;Fourier transforms;Accuracy;non-convex optimization;convergence to global optimum;phase retrieval;Wirtinger derivatives;Non-convex optimization;convergence to global optimum;phase retrieval;Wirtinger derivatives},
doi={10.1109/TIT.2015.2399924},
ISSN={1557-9654},
month={Apr},}

@incollection{chen,
title = {Solving Random Quadratic Systems of Equations Is Nearly as Easy as Solving Linear Systems},
author = {Y. Chen and E.  J. Candes},
booktitle = {Advances in Neural Information Processing Systems 28},
pages = {739--747},
year = {2015},
publisher = {Curran Associates, Inc.},
url = {http://papers.nips.cc/paper/5743-solving-random-quadratic-systems-of-equations-is-nearly-as-easy-as-solving-linear-systems.pdf}
}

@article{kingma2014adam,
author = {Kingma, D. P. and Ba, J.},
year = {2014},
month = {Dec},
pages = {},
title = {Adam: A Method for Stochastic Optimization},
journal = {International Conference on Learning Representations}
}

@article{RWF,
  author  = {Zhang, H. and Liang, Y. and Chi, Y.},
  title   = {A Nonconvex Approach for Phase Retrieval: Reshaped {Wirtinger} Flow and Incremental Algorithms},
  journal = {Journal of Machine Learning Research},
  year    = {2017},
  volume  = {18},
  number  = {141},
  pages   = {1-35},
  url     = {http://jmlr.org/papers/v18/16-572.html}
}

@article{paszke2017automatic,
  title={Automatic differentiation in {PyTorch}},
  author={Paszke, A. and Gross, S. and Chintala, S. and Chanan, G. and Yang, E. and DeVito, Z. and Lin, Z. and Desmaison, A. and Antiga, L. and Lerer, A.},
  year={2017}
}

@INPROCEEDINGS{agarwal2020deep,
  author={C. {Agarwal} and S. {Khobahi} and A. {Bose} and M. {Soltanalian} and D. {Schonfeld}},
  booktitle={2020 IEEE International Conference on Image Processing (ICIP)}, 
  title={{D}eep-{URL}: A Model-Aware Approach to Blind Deconvolution Based on Deep Unfolded Richardson-Lucy Network}, 
  year={2020},
  volume={},
  number={},
  pages={3299-3303},
  doi={10.1109/ICIP40778.2020.9190825}}

@ARTICLE{IntroDNN,
author={K. {Kim} and S. {Chung}},
journal={IEEE Signal Processing Letters},
title={Fourier Phase Retrieval With Extended Support Estimation via Deep Neural Network},
year={2019},
volume={26},
number={10},
pages={1506-1510},
keywords={Fourier transforms;greedy algorithms;neural nets;search problems;signal reconstruction;vectors;Fourier phase retrieval;k-sparse signal vector;trained deep neural network;DNN-based extended support estimation;search-based greedy sparse phase retrieval;Fienup method;Indexes;Estimation;Complexity theory;Training;Neural networks;Fourier transforms;Noise measurement;Deep neural network;extended support estimation;Fourier transform;sparse phase retrieval},
doi={10.1109/LSP.2019.2935814},
ISSN={1558-2361},
month={Oct},}

@article{Isil,
author = {I\c{s}{i}l, \c{C}. and Oktem, F. S. and Ko\c{c}, A.},
journal = {Appl. Opt.},
keywords = {Image quality; Inverse problems; Medical image processing; Phase retrieval; Scanning electron microscopy; Stochastic gradient descent},
number = {20},
pages = {5422--5431},
publisher = {OSA},
title = {Deep iterative reconstruction for phase retrieval},
volume = {58},
month = {Jul},
year = {2019},
url = {http://ao.osa.org/abstract.cfm?URI=ao-58-20-5422},
doi = {10.1364/AO.58.005422},
abstract = {The classical phase retrieval problem is the recovery of a constrained image from the magnitude of its Fourier transform. Although there are several well-known phase retrieval algorithms, including the hybrid input-output (HIO) method, the reconstruction performance is generally sensitive to initialization and measurement noise. Recently, deep neural networks (DNNs) have been shown to provide state-of-the-art performance in solving several inverse problems such as denoising, deconvolution, and superresolution. In this work, we develop a phase retrieval algorithm that utilizes two DNNs together with the model-based HIO method. First, a DNN is trained to remove the HIO artifacts, and is used iteratively with the HIO method to improve the reconstructions. After this iterative phase, a second DNN is trained to remove the remaining artifacts. Numerical results demonstrate the effectiveness of our approach, which has little additional computational cost compared to the HIO method. Our approach not only achieves state-of-the-art reconstruction performance but also is more robust to different initialization and noise levels.},
}

@article{GS1,
author = {R. W. Gerchberg and W. O. Saxton},
pages = {275-284},
journal = {Optik},
title = {Phase determination for image and diffraction plane pictures in the electron microscope},
volume = {34},
year = {1971},
}

@article{GS2,
author = {R. W. Gerchberg and W. O. Saxton},
pages = {227-246},
journal = {Optik},
title = {A practical algorithm for the determination of phase from image and diffraction plane pictures},
volume = {35},
year = {1972},
}

@ARTICLE{fienup1,
author={J. R. {Fienup}},
journal={IEEE Transactions on Acoustics, Speech, and Signal Processing},
title={Comments on "The reconstruction of a multidimensional sequence from the phase or magnitude of its {Fourier} transform"},
year={1983},
volume={31},
number={3},
pages={738-739},
keywords={Multidimensional systems;Fourier transforms;Signal processing algorithms;Iterative algorithms;Testing;Speech processing;Frequency estimation;Graphics;Hardware;Phased arrays},
doi={10.1109/TASSP.1983.1164097},
ISSN={0096-3518},
month={Jun},}

@article{fienup2,
author = {J. R. Fienup},
journal = {Appl. Opt.},
keywords = {Discrete Fourier transforms; Fast Fourier transforms; Fourier transforms; Phase retrieval; Point spread function; Wave front sensing},
number = {15},
pages = {2758--2769},
publisher = {OSA},
title = {Phase retrieval algorithms: a comparison},
volume = {21},
month = {Aug},
year = {1982},
url = {http://ao.osa.org/abstract.cfm?URI=ao-21-15-2758},
doi = {10.1364/AO.21.002758},
abstract = {Iterative algorithms for phase retrieval from intensity data are compared to gradient search methods. Both the problem of phase retrieval from two intensity measurements (in electron microscopy or wave front sensing) and the problem of phase retrieval from a single intensity measurement plus a non-negativity constraint (in astronomy) are considered, with emphasis on the latter. It is shown that both the error-reduction algorithm for the problem of a single intensity measurement and the Gerchberg-Saxton algorithm for the problem of two intensity measurements converge. The error-reduction algorithm is also shown to be closely related to the steepest-descent method. Other algorithms, including the input--output algorithm and the conjugate-gradient method, are shown to converge in practice much faster than the error-reduction algorithm. Examples are shown.},
}

@article{fienup3,
author = {J. R. Fienup},
journal = {Opt. Lett.},
keywords = {Atmospheric turbulence; Coherence theory; Fourier transforms; Large telescopes; Laser speckle; Spatial frequency},
number = {1},
pages = {27--29},
publisher = {OSA},
title = {Reconstruction of an object from the modulus of its {Fourier} transform},
volume = {3},
month = {Jul},
year = {1978},
url = {http://ol.osa.org/abstract.cfm?URI=ol-3-1-27},
doi = {10.1364/OL.3.000027},
abstract = {We present a digital method for solving the phase-retrieval problem of optical-coherence theory: the reconstruction of a general object from the modulus of its Fourier transform. This technique should be useful for obtaining high-resolution imagery from interferometer data.},
}

@article{TWF,
  title={Phase Retrieval via Incremental Truncated Wirtinger Flow},
  author={R. Kolte and A. {\"O}zg{\"u}r},
  journal={ArXiv},
  year={2016},
  volume={abs/1606.03196}
}

@Article{Ma2019,
author={Ma, C.
and Wang, K.
and Chi, Y.
and Chen, Y.},
title={Implicit Regularization in Nonconvex Statistical Estimation: Gradient Descent Converges Linearly for Phase Retrieval, Matrix Completion, and Blind Deconvolution},
journal={Foundations of Computational Mathematics},
year={2019},
abstract={Recent years have seen a flurry of activities in designing provably efficient nonconvex procedures for solving statistical estimation problems. Due to the highly nonconvex nature of the empirical loss, state-of-the-art procedures often require proper regularization (e.g., trimming, regularized cost, projection) in order to guarantee fast convergence. For vanilla procedures such as gradient descent, however, prior theory either recommends highly conservative learning rates to avoid overshooting, or completely lacks performance guarantees. This paper uncovers a striking phenomenon in nonconvex optimization: even in the absence of explicit regularization, gradient descent enforces proper regularization implicitly under various statistical models. In fact, gradient descent follows a trajectory staying within a basin that enjoys nice geometry, consisting of points incoherent with the sampling mechanism. This "implicit regularization" feature allows gradient descent to proceed in a far more aggressive fashion without overshooting, which in turn results in substantial computational savings. Focusing on three fundamental statistical estimation problems, i.e., phase retrieval, low-rank matrix completion, and blind deconvolution, we establish that gradient descent achieves near-optimal statistical and computational guarantees without explicit regularization. In particular, by marrying statistical modeling with generic optimization theory, we develop a general recipe for analyzing the trajectories of iterative algorithms via a leave-one-out perturbation argument. As a by-product, for noisy matrix completion, we demonstrate that gradient descent achieves near-optimal error control--measured entrywise and by the spectral norm--which might be of independent interest.},
issn={1615-3383},
doi={10.1007/s10208-019-09429-9},
url={https://doi.org/10.1007/s10208-019-09429-9}
}

@inproceedings{UPR_Conf,
  title={{UPR}: A model-driven architecture for deep phase retrieval},
  author={Naimipour, N. and Khobahi, S. and Soltanalian, M.},
booktitle = {Proceedings of the Asilomar Conference on Signals, Systems, and Computers},
  year={2020}
}

@article{candes2013phaselift,
  title={{PhaseLift}: Exact and stable signal recovery from magnitude measurements via convex programming},
  author={E. J. Candes and T. Strohmer and V. Voroninski},
  journal={Communications on Pure and Applied Mathematics},
  volume={66},
  number={8},
  pages={1241--1274},
  year={2013},
  publisher={Wiley Online Library}
}

@article{candes2014solving,
  title={Solving quadratic equations via {PhaseLift} when there are about as many equations as unknowns},
  author={Cand{\`e}s, E.J. and Li, X.},
  journal={Foundations of Computational Mathematics},
  volume={14},
  number={5},
  pages={1017--1026},
  year={2014},
  publisher={Springer}
}

@inproceedings{jaganathan2013sparse,
  title={Sparse phase retrieval: Convex algorithms and limitations},
  author={Jaganathan, K. and Oymak, S. and Hassibi, B.},
  booktitle={2013 IEEE International Symposium on Information Theory},
  pages={1022--1026},
  year={2013},
  organization={IEEE}
}

@article{sattar2020quickly,
  title={Quickly Finding the Best Linear Model in High Dimensions via Projected Gradient Descent},
  author={Sattar, Y. and Oymak, S.},
  journal={IEEE Transactions on Signal Processing},
  volume={68},
  pages={818--829},
  year={2020},
  publisher={IEEE}
}

@article{bahmani2013unifying,
  title={A unifying analysis of projected gradient descent for $l_p$-constrained least squares},
  author={Bahmani, S. and Raj, B.},
  journal={Applied and Computational Harmonic Analysis},
  volume={34},
  number={3},
  pages={366--378},
  year={2013},
  publisher={Elsevier}
}

@inproceedings{soltanolkotabi2017learning,
  title={Learning {ReLUs} via gradient descent},
  author={Soltanolkotabi, M.},
  booktitle={Advances in neural information processing systems (NIPS)},
  pages={2007--2017},
  year={2017}
}

@inproceedings{lohit2019unrolled,
  title={Unrolled projected gradient descent for multi-spectral image fusion},
  author={Lohit, S. and Liu, D. and Mansour, H. and Boufounos, P. T.},
  booktitle={IEEE International Conference on Acoustics, Speech and Signal Processing (ICASSP)},
  pages={7725--7729},
  year={2019},
  organization={IEEE}
}

@inproceedings{giryes2018learned,
  title={The learned inexact project gradient descent algorithm},
  author={Giryes, R. and Eldar, Y. C. and Bronstein, A. M. and Sapiro, G.},
  booktitle={IEEE International Conference on Acoustics, Speech and Signal Processing (ICASSP)},
  pages={6767--6771},
  year={2018},
  organization={IEEE}
}

@inproceedings{chiang2020witchcraft,
  title={{WITCHcraft}: Efficient {PGD} attacks with random step size},
  author={Chiang, P. and Geiping, J. and Goldblum, M. and Goldstein, T. and Ni, R. and Reich, S. and Shafahi, A.},
  booktitle={IEEE International Conference on Acoustics, Speech and Signal Processing (ICASSP)},
  pages={3747--3751},
  year={2020},
  organization={IEEE}
}

@article{liang2017phase,
  title={Phase retrieval via the alternating direction method of multipliers},
  author={Liang, J. and Stoica, P. and Jing, Y. and Li, J.},
  journal={IEEE Signal Processing Letters},
  volume={25},
  number={1},
  pages={5--9},
  year={2017},
  publisher={IEEE}
}

@article{qiu2016prime,
  title={PRIME: Phase retrieval via majorization-minimization},
  author={Qiu, T. and Babu, P. and Palomar, D. P.},
  journal={IEEE Transactions on Signal Processing},
  volume={64},
  number={19},
  pages={5174--5186},
  year={2016},
  publisher={IEEE}
}

@article{mukherjee2020quantization,
  title={Quantization-aware phase retrieval},
  author={Mukherjee, S. and Seelamantula, C. S.},
  journal={International Journal of Wavelets, Multiresolution and Information Processing},
  pages={2040006},
  year={2020},
  publisher={World Scientific}
}

@inproceedings{qiao2015sparse,
  title={Sparse phase retrieval using partial nested Fourier samplers},
  author={Qiao, H. and Pal, P.},
  booktitle={IEEE Global Conference on Signal and Information Processing (GlobalSIP)},
  pages={522--526},
  year={2015},
  organization={IEEE}
}

@inproceedings{weller2016robust,
  title={Robust phase retrieval with sparsity under nonnegativity constraints},
  author={Weller, D. S.},
  booktitle={50th Asilomar Conference on Signals, Systems and Computers},
  pages={1043--1047},
  year={2016},
  organization={IEEE}
}

@inproceedings{khobahi2020deep,
  title={Deep radar waveform design for efficient automotive radar sensing},
  author={Khobahi, S. and Bose, A. and Soltanalian, M.},
  booktitle={IEEE 11th Sensor Array and Multichannel Signal Processing Workshop (SAM)},
  pages={1--5},
  year={2020},
  organization={IEEE}
}

@article{vandenberghe1996semidefinite,
  title={Semidefinite programming},
  author={Vandenberghe, L. and Boyd, S.},
  journal={SIAM review},
  volume={38},
  number={1},
  pages={49--95},
  year={1996},
  publisher={SIAM}
}

@article{candes2015phase,
  title={Phase retrieval via matrix completion},
  author={Candes, E. J. and Eldar, Y. C. and Strohmer, T. and Voroninski, V.},
  journal={SIAM review},
  volume={57},
  number={2},
  pages={225--251},
  year={2015},
  publisher={SIAM}
}

@book{nesterov2003introductory,
  title={Introductory lectures on convex optimization: A basic course},
  author={Nesterov, Y.},
  volume={87},
  year={2003},
  publisher={Springer Science \& Business Media}
}

@article{leventhal2010randomized,
  title={Randomized methods for linear constraints: convergence rates and conditioning},
  author={Leventhal, D. and Lewis, A. S.},
  journal={Mathematics of Operations Research},
  volume={35},
  number={3},
  pages={641--654},
  year={2010},
  publisher={INFORMS}
}

@article{briskman2015block,
  title={Block {Kaczmarz} method with inequalities},
  author={Briskman, J. and Needell, D.},
  journal={Journal of Mathematical Imaging and Vision},
  volume={52},
  number={3},
  pages={385--396},
  year={2015},
  publisher={Springer}
}

@book{van1996matrix,
  title={Matrix computations},
  author={Van Loan, C.F. and Golub, G.},
  year={1996},
  publisher={The Johns Hopkins University Press}
}

@article{sahinoglou1991phase,
  title={On phase retrieval of finite-length sequences using the initial time sample},
  author={Sahinoglou, H. and Cabrera, S. D.},
  journal={IEEE Transactions on Circuits and Systems},
  volume={38},
  number={8},
  pages={954--958},
  year={1991},
  publisher={IEEE}
}

@book{ortega1990numerical,
  title={Numerical analysis: a second course},
  author={Ortega, J. M.},
  year={1990},
  publisher={SIAM}
}

@article{candes2009exact,
  title={Exact matrix completion via convex optimization},
  author={Cand{\`e}s, E. J. and Recht, B.},
  journal={Foundations of Computational mathematics},
  volume={9},
  number={6},
  pages={717--772},
  year={2009},
  publisher={Springer}
}

@article{candes2010power,
  title={The power of convex relaxation: Near-optimal matrix completion},
  author={Cand{\`e}s, E. J. and Tao, T.},
  journal={IEEE Transactions on Information Theory},
  volume={56},
  number={5},
  pages={2053--2080},
  year={2010},
  publisher={IEEE}
}

@article{recht2010guaranteed,
  title={Guaranteed minimum-rank solutions of linear matrix equations via nuclear norm minimization},
  author={Recht, B. and Fazel, M. and Parrilo, P. A.},
  journal={SIAM review},
  volume={52},
  number={3},
  pages={471--501},
  year={2010},
  publisher={SIAM}
}

@inproceedings{bhaskar20151,
  title={1-bit matrix completion under exact low-rank constraint},
  author={Bhaskar, S. A. and Javanmard, A.},
  booktitle={2015 49th Annual Conference on Information Sciences and Systems (CISS)},
  pages={1--6},
  year={2015},
  organization={IEEE}
}

@article{davenport20141,
  title={1-bit matrix completion},
  author={Davenport, M. A. and Plan, Y. and Van Den Berg, E. and Wootters, M.},
  journal={Information and Inference: A Journal of the IMA},
  volume={3},
  number={3},
  pages={189--223},
  year={2014},
  publisher={OUP}
}

@article{nayer2021sample,
  title={Sample-efficient low rank phase retrieval},
  author={Nayer, S. and Vaswani, N.},
  journal={IEEE Transactions on Information Theory},
  volume={67},
  number={12},
  pages={8190--8206},
  year={2021},
  publisher={IEEE}
}

@article{strohmer2009randomized,
  title={A randomized {Kaczmarz} algorithm with exponential convergence},
  author={Strohmer, T. and Vershynin, R.},
  journal={Journal of Fourier Analysis and Applications},
  volume={15},
  number={2},
  pages={262--278},
  year={2009},
  publisher={Springer}
}

@article{polyak1964gradient,
  title={Gradient methods for solving equations and inequalities},
  author={Polyak, Boris T},
  journal={USSR Computational Mathematics and Mathematical Physics},
  volume={4},
  number={6},
  pages={17--32},
  year={1964},
  publisher={Elsevier}
}

@article{dai2013randomized,
  title={On the randomized {Kaczmarz} algorithm},
  author={Dai, L. and Soltanalian, M. and Pelckmans, K.},
  journal={IEEE Signal Processing Letters},
  volume={21},
  number={3},
  pages={330--333},
  year={2013},
  publisher={IEEE}
}

@article{chernoff1952measure,
  title={A measure of asymptotic efficiency for tests of a hypothesis based on the sum of observations},
  author={Chernoff, H.},
  journal={The Annals of Mathematical Statistics},
  pages={493--507},
  year={1952},
  publisher={JSTOR}
}

@article{chernoff2014career,
  title={A career in statistics},
  author={Chernoff, H.},
  journal={Past, Present, and Future of Statistical Science},
  volume={29},
  year={2014},
  publisher={Chapman and Hall/CRC}
}

@article{fogel2016phase,
  title={Phase retrieval for imaging problems},
  author={Fogel, F. and Waldspurger, I. and d’Aspremont, A.},
  journal={Mathematical programming computation},
  volume={8},
  number={3},
  pages={311--335},
  year={2016},
  publisher={Springer}
}

@article{jagatap2017fast,
  title={Fast, sample-efficient algorithms for structured phase retrieval},
  author={Jagatap, G. and Hegde, C.},
  journal={Advances in Neural Information Processing Systems},
  volume={30},
  year={2017}
}

@inproceedings{bahmani2017phase,
  title={Phase retrieval meets statistical learning theory: A flexible convex relaxation},
  author={Bahmani, S. and Romberg, J.},
  booktitle={Artificial Intelligence and Statistics},
  pages={252--260},
  year={2017},
  organization={PMLR}
}

@article{AEamaz2022,
  title={Covariance Recovery for One-Bit Sampled Data With Time-Varying Sampling Thresholds—{Part II}: Non-Stationary Signals},
  author={Eamaz, A. and Yeganegi, F. and Soltanalian, M.},
  year={TechRxiv, 2022},
  publisher={TechRxiv}
}

@article{cai2010singular,
  title={A singular value thresholding algorithm for matrix completion},
  author={Cai, J. and Cand{\`e}s, E.J. and Shen, Z.},
  journal={SIAM Journal on optimization},
  volume={20},
  number={4},
  pages={1956--1982},
  year={2010},
  publisher={SIAM}
}

@article{combettes2005signal,
  title={Signal recovery by proximal forward-backward splitting},
  author={Combettes, P.L. and Wajs, V.},
  journal={Multiscale modeling \& simulation},
  volume={4},
  number={4},
  pages={1168--1200},
  year={2005},
  publisher={SIAM}
}

@article{daubechies2004iterative,
  title={An iterative thresholding algorithm for linear inverse problems with a sparsity constraint},
  author={Daubechies, I. and Defrise, M. and De Mol, C.},
  journal={Communications on Pure and Applied Mathematics: A Journal Issued by the Courant Institute of Mathematical Sciences},
  volume={57},
  number={11},
  pages={1413--1457},
  year={2004},
  publisher={Wiley Online Library}
}

@article{recht2011null,
  title={Null space conditions and thresholds for rank minimization},
  author={Recht, B. and Xu, W. and Hassibi, B.},
  journal={Mathematical programming},
  volume={127},
  number={1},
  pages={175--202},
  year={2011},
  publisher={Springer}
}

@article{davenport2016overview,
  title={An overview of low-rank matrix recovery from incomplete observations},
  author={Davenport, M. A. and Romberg, J.},
  journal={IEEE Journal of Selected Topics in Signal Processing},
  volume={10},
  number={4},
  pages={608--622},
  year={2016},
  publisher={IEEE}
}

@article{chen2013low,
  title={Low-rank matrix recovery from errors and erasures},
  author={Chen, Y. and Jalali, A. and Sanghavi, S. and Caramanis, C.},
  journal={IEEE Transactions on Information Theory},
  volume={59},
  number={7},
  pages={4324--4337},
  year={2013},
  publisher={IEEE}
}

@article{candes2011tight,
  title={Tight oracle inequalities for low-rank matrix recovery from a minimal number of noisy random measurements},
  author={Candes, E.J. and Plan, Y.},
  journal={IEEE Transactions on Information Theory},
  volume={57},
  number={4},
  pages={2342--2359},
  year={2011},
  publisher={IEEE}
}

@article{argyriou2006multi,
  title={Multi-task feature learning},
  author={Argyriou, A. and Evgeniou, T. and Pontil, M.},
  journal={Advances in neural information processing systems},
  volume={19},
  year={2006}
}

@article{pontile2007convex,
  title={Convex multi-task feature learning},
  author={Pontile, M. and Evgeniou, T. and Argyriou, A.},
  journal={Journal of Machine Learning},
  volume={10},
  pages={243--272},
  year={2007}
}

@article{obozinski2010joint,
  title={Joint covariate selection and joint subspace selection for multiple classification problems},
  author={Obozinski, G. and Taskar, B. and Jordan, M.},
  journal={Statistics and Computing},
  volume={20},
  number={2},
  pages={231--252},
  year={2010},
  publisher={Springer}
}

@article{blei2012probabilistic,
  title={Probabilistic topic models},
  author={Blei, D.M.},
  journal={Communications of the ACM},
  volume={55},
  number={4},
  pages={77--84},
  year={2012},
  publisher={ACM New York, NY, USA}
}

@inproceedings{nie2012low,
  title={Low-rank matrix recovery via efficient schatten p-norm minimization},
  author={Nie, F. and Huang, H. and Ding, C.},
  booktitle={Twenty-sixth AAAI conference on artificial intelligence},
  year={2012}
}

@inproceedings{haeffele2014structured,
  title={Structured low-rank matrix factorization: Optimality, algorithm, and applications to image processing},
  author={Haeffele, B. and Young, E. and Vidal, R.},
  booktitle={International conference on machine learning},
  pages={2007--2015},
  year={2014},
  organization={PMLR}
}

@article{tomasi1992shape,
  title={Shape and motion from image streams under orthography: a factorization method},
  author={Tomasi, C. and Kanade, T.},
  journal={International journal of computer vision},
  volume={9},
  number={2},
  pages={137--154},
  year={1992},
  publisher={Springer}
}

@article{li2019survey,
  title={A survey on matrix completion: Perspective of signal processing},
  author={Li, X. and Huang, L. and So, H. and Zhao, B.},
  journal={arXiv preprint arXiv:1901.10885},
  year={2019}
}

@article{bhandari2020unlimited,
  title={On unlimited sampling and reconstruction},
  author={Bhandari, A. and Krahmer, F. and Raskar, R.},
  journal={IEEE Transactions on Signal Processing},
  volume={69},
  pages={3827--3839},
  year={2020},
  publisher={IEEE}
}

@article{sarowar2020sampling,
  title={Sampling {K}aczmarz {M}otzkin Method for Linear Feasibility Problems: Generalization \& Acceleration},
  author={Sarowar Morshed, M. and Saiful Islam, M.},
  journal={arXiv e-prints},
  pages={arXiv--2002},
  year={2020}
}

@article{de2017sampling,
  title={A sampling {K}aczmarz--{M}otzkin algorithm for linear feasibility},
  author={De Loera, J. and Haddock, J. and Needell, D.},
  journal={SIAM Journal on Scientific Computing},
  volume={39},
  number={5},
  pages={S66--S87},
  year={2017},
  publisher={SIAM}
}

@article{eamaz2022covariance,
  title={Covariance Recovery for One-Bit Sampled Non-Stationary Signals With Time-Varying Sampling Thresholds},
  author={Eamaz, A. and Yeganegi, F. and Soltanalian, M.},
  journal={IEEE Transactions on Signal Processing},
  volume={70},
  pages={5222--5236},
  year={2022},
  publisher={IEEE}
}

@ARTICLE{eamaz2022phase,
  author={Eamaz, A. and Yeganegi, F. and Soltanalian, M.},
  journal={IEEE Transactions on Signal Processing}, 
  title={One-Bit Phase Retrieval: {M}ore Samples Means Less Complexity?}, 
  year={2022},
  volume={70},
  number={},
  pages={4618-4632}
}

@article{elfving1980block,
  title={Block-iterative methods for consistent and inconsistent linear equations},
  author={Elfving, T.},
  journal={Numerische Mathematik},
  volume={35},
  number={1},
  pages={1--12},
  year={1980},
  publisher={Springer}
}

@article{needell2014paved,
  title={Paved with good intentions: {A}nalysis of a randomized block {K}aczmarz method},
  author={Needell, D. and Tropp, J.A.},
  journal={Linear Algebra and its Applications},
  volume={441},
  pages={199--221},
  year={2014},
  publisher={Elsevier}
}

@inproceedings{meka2008rank,
  title={Rank minimization via online learning},
  author={Meka, R. and Jain, P. and Caramanis, C. and Dhillon, I.S.},
  booktitle={Proceedings of the 25th International Conference on Machine learning},
  pages={656--663},
  year={2008}
}

@article{kaczmarz1937angenaherte,
  title={Angen{\"a}herte aufl{\"o}sung von systemen linearer Gleichungen},
  author={Kaczmarz, S.},
  journal={Bulletin International de l’Acad{\'e}mie Polonaise des Sciences et des Lettres},
  volume={35}, 
  pages={355–357},
  year={1937},
  note={in German; English translation by Jason Stockmann: ``Approximate solution of systems of linear equations''}
}

@inproceedings{feichtinger1995kaczmarz,
  title={A {K}aczmarz-based approach to nonperiodic sampling on unions of rectangular lattices},
  author={Feichtinger, H.G. and Strohmer, T.},
  booktitle={SampTA’95: 1995 Workshop on Sampling Theory and Applications},
  pages={32--37},
  year={1995}
}

@article{sezan1987applications,
  title={Applications of convex projection theory to image recovery in tomography and related areas},
  author={Sezan, M. and Stark, H.},
  journal={Image Recovery: Theory and Application},
  pages={155--270},
  year={1987}
}

@article{lustig2008compressed,
  title={Compressed sensing {MRI}},
  author={Lustig, M. and Donoho, D. and Santos, J.M. and Pauly, J.M.},
  journal={IEEE signal processing magazine},
  volume={25},
  number={2},
  pages={72--82},
  year={2008},
  publisher={IEEE}
}

@article{fessler2010model,
  title={Model-based image reconstruction for {MRI}},
  author={Fessler, J.A.},
  journal={IEEE signal processing magazine},
  volume={27},
  number={4},
  pages={81--89},
  year={2010},
  publisher={IEEE}
}

@book{eldar2012compressed,
  title={Compressed sensing: theory and applications},
  author={Eldar, Y.C. and Kutyniok, G.},
  year={2012},
  publisher={Cambridge university press}
}

@article{derezinski2022sharp,
  title={Sharp analysis of sketch-and-project methods via a connection to randomized singular value decomposition},
  author={Derezi{\'n}ski, M. and Rebrova, E.},
  journal={arXiv preprint arXiv:2208.09585},
  year={2022}
}

@article{rebrova2021block,
  title={On block {G}aussian sketching for the {K}aczmarz method},
  author={Rebrova, E. and Needell, D.},
  journal={Numerical Algorithms},
  volume={86},
  pages={443--473},
  year={2021},
  publisher={Springer}
}

@book{hogan2012duration,
  title={Duration and bandwidth limiting: {P}rolate functions, sampling, and applications},
  author={Hogan, J. A. and Lakey, J. D.},
  year={2012},
  publisher={Springer}
}

@article{eamaz2022uno,
  title={{UNO}: Unlimited Sampling Meets One-Bit Quantization},
  author={Eamaz, A. and Mishra, K. V. and Yeganegi, F. and Soltanalian, M.},
  journal={arXiv preprint arXiv:2301.10155},
  year={2022}
}

@article{eamaz2023covariance,
  title={Covariance recovery for one-bit sampled stationary signals with time-varying sampling thresholds},
  author={Eamaz, A. and Yeganegi, F. and Soltanalian, M.},
  journal={Signal Processing},
  volume={206},
  pages={108899},
  year={2023},
  publisher={Elsevier}
}

@article{xu2020quantized,
  title={Quantized compressive sensing with {RIP} matrices: The benefit of dithering},
  author={Xu, C. and Jacques, L.},
  journal={Information and Inference: A Journal of the {IMA}},
  volume={9},
  number={3},
  pages={543--586},
  year={2020},
  publisher={Oxford University Press}
}

@inproceedings{jain2013low,
  title={Low-rank matrix completion using alternating minimization},
  author={Jain, P. and Netrapalli, P. and Sanghavi, S.},
  booktitle={Proceedings of the forty-fifth annual ACM symposium on Theory of computing},
  pages={665--674},
  year={2013}
}

@article{chi2019nonconvex,
  title={Nonconvex optimization meets low-rank matrix factorization: An overview},
  author={Chi, Y. and Lu, Y.M. and Chen, Y.},
  journal={IEEE Transactions on Signal Processing},
  volume={67},
  number={20},
  pages={5239--5269},
  year={2019},
  publisher={IEEE}
}

@article{rokhlin2008fast,
  title={A fast randomized algorithm for overdetermined linear least-squares regression},
  author={Rokhlin, V. and Tygert, M.},
  journal={Proceedings of the National Academy of Sciences},
  volume={105},
  number={36},
  pages={13212--13217},
  year={2008},
  publisher={National Acad Sciences}
}

@article{martinsson2020randomized,
  title={Randomized numerical linear algebra: Foundations and algorithms},
  author={Martinsson, P. and Tropp, J.A.},
  journal={Acta Numerica},
  volume={29},
  pages={403--572},
  year={2020},
  publisher={Cambridge University Press}
}

@article{woodruff2014sketching,
  title={Sketching as a tool for numerical linear algebra},
  author={Woodruff, D.P},
  journal={Foundations and Trends{\textregistered} in Theoretical Computer Science},
  volume={10},
  number={1--2},
  pages={1--157},
  year={2014},
  publisher={Now Publishers, Inc.}
}

@article{jain2010guaranteed,
  title={Guaranteed rank minimization via singular value projection},
  author={Jain, P. and Meka, R. and Dhillon, I.},
  journal={Advances in Neural Information Processing Systems},
  volume={23},
  year={2010}
}

@article{needell2010randomized,
  title={Randomized {K}aczmarz solver for noisy linear systems},
  author={Needell, D.},
  journal={BIT Numerical Mathematics},
  volume={50},
  pages={395--403},
  year={2010},
  publisher={Springer}
}

@article{wu2020projected,
  title={Projected randomized {K}aczmarz methods},
  author={Wu, N. and Xiang, H.},
  journal={Journal of Computational and Applied Mathematics},
  volume={372},
  pages={112672},
  year={2020},
  publisher={Elsevier}
}

@article{dirksen2020one,
  title={One-bit compressed sensing with partial {G}aussian circulant matrices},
  author={Dirksen, S. and Jung, Hans C. and Rauhut, H.},
  journal={Information and Inference: A Journal of the IMA},
  volume={9},
  number={3},
  pages={601--626},
  year={2020},
  publisher={Oxford University Press}
}

@article{jacques2013robust,
  title={Robust 1-bit compressive sensing via binary stable embeddings of sparse vectors},
  author={Jacques, L. and Laska, J.N. and Boufounos, P.T. and Baraniuk, R.G.},
  journal={IEEE Transactions on Information Theory},
  volume={59},
  number={4},
  pages={2082--2102},
  year={2013},
  publisher={IEEE}
}

@article{baraniuk2017exponential,
  title={Exponential decay of reconstruction error from binary measurements of sparse signals},
  author={Baraniuk, R.G. and Foucart, S. and Needell, D. and Plan, Y. and Wootters, M.},
  journal={IEEE Transactions on Information Theory},
  volume={63},
  number={6},
  pages={3368--3385},
  year={2017},
  publisher={IEEE}
}

@inproceedings{shi2016methods,
  title={Methods for quantized compressed sensing},
  author={Shi, H. and Case, M. and Gu, X. and Tu, S. and Needell, D.},
  booktitle={2016 Information Theory and Applications Workshop (ITA)},
  pages={1--9},
  year={2016},
  organization={IEEE}
}

@inproceedings{boufounos20081,
  title={1-bit compressive sensing},
  author={Boufounos, P. T. and Baraniuk, R.G.},
  booktitle={2008 42nd Annual Conference on Information Sciences and Systems},
  pages={16--21},
  year={2008},
  organization={IEEE}
}

@inproceedings{boufounos2015quantization,
  title={Quantization and compressive sensing},
  author={Boufounos, P. T. and Jacques, L. and Krahmer, F. and Saab, R.},
  booktitle={Compressed Sensing and its Applications: MATHEON Workshop 2013},
  pages={193--237},
  year={2015},
  organization={Springer}
}

@book{escalante2011alternating,
  title={Alternating projection methods},
  author={Escalante, R. and Raydan, M.},
  year={2011},
  publisher={SIAM}
}

@article{liu2019one,
  title={One-bit compressive sensing with projected subgradient method under sparsity constraints},
  author={Liu, D. and Li, S. and Shen, Y.},
  journal={IEEE Transactions on Information Theory},
  volume={65},
  number={10},
  pages={6650--6663},
  year={2019},
  publisher={IEEE}
}

@article{friedlander2021nbiht,
  title={{NBIHT}: An efficient algorithm for 1-bit compressed sensing with optimal error decay rate},
  author={Friedlander, M.P. and Jeong, H. and Plan, Y. and Y{\i}lmaz, {\"O}.},
  journal={IEEE Transactions on Information Theory},
  volume={68},
  number={2},
  pages={1157--1177},
  year={2021},
  publisher={IEEE}
}

@article{andersson2016operator,
  title={Operator-{L}ipschitz estimates for the singular value functional calculus},
  author={Andersson, F. and Carlsson, M. and Perfekt, K.M.},
  journal={Proceedings of the American Mathematical Society},
  volume={144},
  number={5},
  pages={1867--1875},
  year={2016}
}

@article{carlsson2021lipschitz,
  title={{L}ipschitz continuity for isotropic matrix functions},
  author={Carlsson, M.},
  journal={Linear Algebra and its Applications},
  volume={624},
  pages={259--266},
  year={2021},
  publisher={Elsevier}
}

@article{loizou2020convergence,
  title={Convergence analysis of inexact randomized iterative methods},
  author={Loizou, N. and Richt{\'a}rik, P.},
  journal={SIAM Journal on Scientific Computing},
  volume={42},
  number={6},
  pages={A3979--A4016},
  year={2020},
  publisher={SIAM}
}

@article{hoeffding1994probability,
  title={Probability inequalities for sums of bounded random variables},
  author={Hoeffding, W.},
  journal={The collected works of Wassily Hoeffding},
  pages={409--426},
  year={1994},
  publisher={Springer}
}

@article{yin2008bregman,
  title={Bregman iterative algorithms for l1-minimization with applications to compressed sensing},
  author={Yin, W. and Osher, S. and Goldfarb, D. and Darbon, J.},
  journal={SIAM Journal on Imaging sciences},
  volume={1},
  number={1},
  pages={143--168},
  year={2008},
  publisher={SIAM}
}

@book{leadbetter2012extremes,
  title={Extremes and related properties of random sequences and processes},
  author={Leadbetter, Malcolm R and Lindgren, Georg and Rootz{\'e}n, Holger},
  year={2012},
  publisher={Springer Science \& Business Media}
}

@article{huang2022linear,
  title={Linear convergence of randomized {K}aczmarz method for solving complex-valued phaseless equations},
  author={Huang, M. and Wang, Y.},
  journal={SIAM Journal on Imaging Sciences},
  volume={15},
  number={2},
  pages={989--1016},
  year={2022},
  publisher={SIAM}
}

@inproceedings{romer2021randomized,
  title={On the randomized {Kaczmarz} algorithm for phase retrieval},
  author={R{\"o}mer, P. and Filbir, F. and Krahmer, F.},
  booktitle={2021 55th Asilomar Conference on Signals, Systems, and Computers},
  pages={847--851},
  year={2021},
  organization={IEEE}
}

@inproceedings{foucart2019one,
  title={One-bit sensing of low-rank and bisparse matrices},
  author={Foucart, S. and Jacques, L.},
  booktitle={2019 13th International conference on Sampling Theory and Applications (SampTA)},
  pages={1--4},
  year={2019},
  organization={IEEE}
}

@article{jacques2013quantized,
  title={Quantized iterative hard thresholding: Bridging 1-bit and high-resolution quantized compressed sensing},
  author={Jacques, L. and Degraux, K. and De Vleeschouwer, C.},
  journal={arXiv preprint arXiv:1305.1786},
  year={2013}
}

@article{dirksen2018robust,
  title={Robust one-bit compressed sensing with partial circulant matrices},
  author={Dirksen, S. and Mendelson, S.},
  journal={arXiv preprint arXiv:1812.06719},
  year={2018}
}

@article{dirksen2021non,
  title={Non-{G}aussian hyperplane tessellations and robust one-bit compressed sensing},
  author={Dirksen, S. and Mendelson, S.},
  journal={Journal of the European Mathematical Society},
  volume={23},
  number={9},
  pages={2913--2947},
  year={2021}
}

@article{plan2013one,
  title={One-bit compressed sensing by linear programming},
  author={Plan, Y. and Vershynin, R.},
  journal={Communications on Pure and Applied Mathematics},
  volume={66},
  number={8},
  pages={1275--1297},
  year={2013},
  publisher={Wiley Online Library}
}

@article{ai2014one,
  title={One-bit compressed sensing with non-{G}aussian measurements},
  author={Ai, A.and Lapanowski, A. and Plan, Y. and Vershynin, R.},
  journal={Linear Algebra and its Applications},
  volume={441},
  pages={222--239},
  year={2014},
  publisher={Elsevier}
}

@article{dabeer2006signal,
  title={Signal parameter estimation using 1-bit dithered quantization},
  author={Dabeer, O. and Karnik, A.},
  journal={IEEE Transactions on Information Theory},
  volume={52},
  number={12},
  pages={5389--5405},
  year={2006},
  publisher={IEEE}
}

@inproceedings{rousseau2003nonlinear,
  title={Nonlinear estimation from quantized signals: Quantizer optimization and stochastic resonance},
  author={Rousseau, D. and Anand, G. and Chapeau-Blondeau, F.},
  booktitle={Proc. 3rd Int. Symp. Physics in Signal and Image Processing},
  pages={89--92},
  year={2003}
}

@article{knudson2016one,
  title={One-bit compressive sensing with norm estimation},
  author={Knudson, K. and Saab, R. and Ward, R.},
  journal={IEEE Transactions on Information Theory},
  volume={62},
  number={5},
  pages={2748--2758},
  year={2016},
  publisher={IEEE}
}

@article{zymnis2009compressed,
  title={Compressed sensing with quantized measurements},
  author={Zymnis, A. and Boyd, S. and Candes, E.},
  journal={IEEE Signal Processing Letters},
  volume={17},
  number={2},
  pages={149--152},
  year={2009},
  publisher={IEEE}
}

@article{laska2011trust,
  title={Trust, but verify: Fast and accurate signal recovery from 1-bit compressive measurements},
  author={Laska, J.N. and Wen, Z. and Yin, W. and Baraniuk, R.G.},
  journal={IEEE Transactions on Signal Processing},
  volume={59},
  number={11},
  pages={5289--5301},
  year={2011},
  publisher={IEEE}
}

@book{vershynin2018high,
  title={High-dimensional probability: An introduction with applications in data science},
  author={Vershynin, R.},
  volume={47},
  year={2018},
  publisher={Cambridge university press}
}

@article{chen2005condition,
  title={Condition numbers of {Gaussian} random matrices},
  author={Chen, Zizhong and Dongarra, Jack J},
  journal={SIAM Journal on Matrix Analysis and Applications},
  volume={27},
  number={3},
  pages={603--620},
  year={2005},
  publisher={SIAM}
}

@article{oudre2015automatic,
  title={Automatic detection and removal of impulsive noise in audio signals},
  author={Oudre, L.},
  journal={Image Processing On Line},
  volume={5},
  pages={267--281},
  year={2015}
}

@inproceedings{nongpiur2008impulse,
  title={Impulse noise removal in speech using wavelets},
  author={Nongpiur, R.C.},
  booktitle={2008 IEEE International Conference on Acoustics, Speech and Signal Processing},
  pages={1593--1596},
  year={2008},
  organization={IEEE}
}

@article{pham2011improved,
  title={Improved image recovery from compressed data contaminated with impulsive noise},
  author={Pham, D.S. and Venkatesh, S.},
  journal={IEEE transactions on image processing},
  volume={21},
  number={1},
  pages={397--405},
  year={2011},
  publisher={IEEE}
}

@article{foucart2019recovering,
  title={Recovering low-rank matrices from binary measurements},
  author={Foucart, S. and G Lynch, R.},
  journal={Inverse Problems \& Imaging},
  volume={13},
  number={4},
  year={2019}
}

@article{plan2012robust,
  title={Robust 1-bit compressed sensing and sparse logistic regression: A convex programming approach},
  author={Plan, Y. and Vershynin, R.},
  journal={IEEE Transactions on Information Theory},
  volume={59},
  number={1},
  pages={482--494},
  year={2012},
  publisher={IEEE}
}

@article{plan2014dimension,
  title={Dimension reduction by random hyperplane tessellations},
  author={Plan, Y. and Vershynin, R.},
  journal={Discrete \& Computational Geometry},
  volume={51},
  number={2},
  pages={438--461},
  year={2014},
  publisher={Springer}
}

@article{kapoor1983metric,
  title={Metric projection bound and the Lipschitz constant of the radial retraction},
  author={Kapoor, O.P. and Mathur, S.B.},
  journal={Journal of Approximation Theory},
  volume={38},
  number={1},
  pages={66--70},
  year={1983},
  publisher={Elsevier}
}

@article{schuchman1964dither,
  title={Dither signals and their effect on quantization noise},
  author={Schuchman, L.},
  journal={IEEE Transactions on Communication Technology},
  volume={12},
  number={4},
  pages={162--165},
  year={1964},
  publisher={IEEE}
}

@article{vanderkooy1987dither,
  title={Dither in digital audio},
  author={Vanderkooy, J. and Lipshitz, S.P.},
  journal={Journal of the Audio Engineering Society},
  volume={35},
  number={12},
  pages={966--975},
  year={1987},
  publisher={Audio Engineering Society}
}

@article{wagdy1989validity,
  title={Validity of uniform quantization error model for sinusoidal signals without and with dither},
  author={Wagdy, M.F. and Ng, W.M.},
  journal={IEEE Transactions on Instrumentation and Measurement},
  volume={38},
  number={3},
  pages={718--722},
  year={1989},
  publisher={IEEE}
}

@article{wagdy1989effect,
  title={Effect of various dither forms on quantization errors of ideal {A/D} converters},
  author={Wagdy, M.F.},
  journal={IEEE Transactions on Instrumentation and Measurement},
  volume={38},
  number={4},
  pages={850--855},
  year={1989},
  publisher={IEEE}
}

@article{carbone1994effect,
  title={Effect of additive dither on the resolution of ideal quantizers},
  author={Carbone, P. and Petri, D.},
  journal={IEEE Transactions on Instrumentation and Measurement},
  volume={43},
  number={3},
  pages={389--396},
  year={1994},
  publisher={IEEE}
}

@article{carbone1997quantitative,
  title={Quantitative criteria for the design of dither-based quantizing systems},
  author={Carbone, P.},
  journal={IEEE Transactions on Instrumentation and Measurement},
  volume={46},
  number={3},
  pages={656--659},
  year={1997},
  publisher={IEEE}
}

@misc{robinson2019analog,
  title={Analog to digital conversion using differential dither},
  author={Robinson, I.S. and Toplicar, J. and Heston, J.G.},
  year={2019},
  month=may # "~21",
  publisher={Google Patents},
  note={US Patent 10,298,256}
}

@misc{ali2020background,
  title={Background calibration of reference, {DAC}, and quantization non-linearity in {ADCS}},
  author={Ali, A.M.A. and Gulati, P.},
  year={2020},
  month=jan # "~28",
  publisher={Google Patents},
  note={US Patent 10,547,319}
}

@article{ali202012,
  title={A 12-b 18-{GS/s RF} sampling {ADC} with an integrated wideband track-and-hold amplifier and background calibration},
  author={Ali, A.M.A. and Dinc, H. and Bhoraskar, P. and Bardsley, S. and Dillon, C. and McShea, M. and Periathambi, J.P. and Puckett, S.},
  journal={IEEE Journal of Solid-State Circuits},
  volume={55},
  number={12},
  pages={3210--3224},
  year={2020},
  publisher={IEEE}
}

@article{yuan2022sketched,
  title={Sketched {Newton--Raphson}},
  author={Yuan, R. and Lazaric, A. and Gower, R.M.},
  journal={SIAM Journal on Optimization},
  volume={32},
  number={3},
  pages={1555--1583},
  year={2022},
  publisher={SIAM}
}

@article{ma2015convergence,
  title={Convergence properties of the randomized extended {G}auss-{S}eidel and {K}aczmarz methods},
  author={Ma, A. and Needell, D. and Ramdas, A.},
  journal={SIAM Journal on Matrix Analysis and Applications},
  volume={36},
  number={4},
  pages={1590-1604},
  year={2015},
  publisher={SIAM}
}
@article{candes2008introduction,
  title={An introduction to compressive sampling},
  author={Cand{\`e}s, E.J. and Wakin, M.B.},
  journal={IEEE signal processing magazine},
  volume={25},
  number={2},
  pages={21--30},
  year={2008},
  publisher={IEEE}
}
@inproceedings{candes2006compressive,
  title={Compressive sampling},
  author={Cand{\`e}s, E.J.},
  booktitle={Proceedings of the international congress of mathematicians},
  volume={3},
  pages={1433--1452},
  year={2006},
  organization={Madrid, Spain}
}
@article{candes2006robust,
  title={Robust uncertainty principles: Exact signal reconstruction from highly incomplete frequency information},
  author={Cand{\`e}s, E.J. and Romberg, J. and Tao, T.},
  journal={IEEE Transactions on information theory},
  volume={52},
  number={2},
  pages={489--509},
  year={2006},
  publisher={IEEE}
}
@article{choi2016near,
  title={Near maximum-likelihood detector and channel estimator for uplink multiuser massive {MIMO} systems with one-bit {ADC}s},
  author={Choi, J. and Mo, J. and Heath, R. W.},
  journal={IEEE Transactions on Communications},
  volume={64},
  number={5},
  pages={2005--2018},
  year={2016},
  publisher={IEEE}
}
@article{kong2018multipair,
  title={Multipair massive {MIMO} relaying systems with one-bit {ADC} s and {DAC} s},
  author={Kong, C. and Mezghani, A. and Zhong, C. and Swindlehurst, A. L. and Zhang, Z.},
  journal={IEEE Transactions on Signal Processing},
  volume={66},
  number={11},
  pages={2984--2997},
  year={2018},
  publisher={IEEE}
}
@article{li2017channel,
  title={Channel estimation and performance analysis of one-bit massive {MIMO} systems},
  author={Li, Y. and Tao, C. and Seco-Granados, G. and Mezghani, A. and Swindlehurst, A.L. and Liu, L.},
  journal={IEEE Transactions on Signal Processing},
  volume={65},
  number={15},
  pages={4075-4089},
  year={2017}
}
@article{gunturk2003one,
  title={One-bit sigma-delta quantization with exponential accuracy},
  author={G{\"u}nt{\"u}rk, C.S.},
  journal={Communications on Pure and Applied Mathematics: A Journal Issued by the Courant Institute of Mathematical Sciences},
  volume={56},
  number={11},
  pages={1608-1630},
  year={2003}
}
@article{deift2011optimal,
  title={An optimal family of exponentially accurate one-bit Sigma-Delta quantization schemes},
  author={Deift, P. and Krahmer, F. and G{\"u}nt{\"u}rk, C.S.},
  journal={Communications on Pure and Applied Mathematics},
  volume={64},
  number={7},
  pages={883-919},
  year={2011}
}
@article{dirksen2022covariance,
  title={Covariance estimation under one-bit quantization},
  author={Dirksen, S. and Maly, J. and Rauhut, H.},
  journal={The Annals of Statistics},
  volume={50},
  number={6},
  pages={3538--3562},
  year={2022},
  publisher={Institute of Mathematical Statistics}
}
@incollection{maly2022new,
  title={New challenges in covariance estimation: multiple structures and coarse quantization},
  author={Maly, J. and Yang, T. and Dirksen, S. and Rauhut, H. and Caire, G.},
  booktitle={Compressed Sensing in Information Processing},
  pages={77--104},
  year={2022},
  publisher={Springer}
}
@inproceedings{acharya2017improved,
  title={Improved bounds for universal one-bit compressive sensing},
  author={Acharya, J. and Bhattacharyya, A. and Kamath, P.},
  booktitle={2017 IEEE International Symposium on Information Theory (ISIT)},
  pages={2353--2357},
  year={2017},
  organization={IEEE}
}
@article{flodin2019superset,
  title={Superset technique for approximate recovery in one-bit compressed sensing},
  author={Flodin, L. and Gandikota, V. and Mazumdar, A.},
  journal={Advances in Neural Information Processing Systems},
  volume={32},
  year={2019}
}
@inproceedings{haupt2011robust,
  title={Robust support recovery using sparse compressive sensing matrices},
  author={Haupt, J. and Baraniuk, R.},
  booktitle={2011 45th Annual Conference on Information Sciences and Systems},
  pages={1--6},
  year={2011},
  organization={IEEE}
}
@article{benedetto2006sigma,
  title={Sigma-delta (/spl Sigma//spl Delta/) quantization and finite frames},
  author={Benedetto, J.J. and Powell, A.M. and Yilmaz, O.},
  journal={IEEE Transactions on Information Theory},
  volume={52},
  number={5},
  pages={1990--2005},
  year={2006},
  publisher={IEEE}
}
@article{bahmani2013robust,
  title={Robust 1-bit compressive sensing via gradient support pursuit},
  author={Bahmani, S. and Boufounos, P.T. and Raj, B.},
  journal={arXiv preprint arXiv:1304.6627},
  year={2013}
}
@article{chen2023high,
  title={High dimensional statistical estimation under uniformly dithered one-bit quantization},
  author={Chen, J. and Wang, C.L. and Ng, M.K. and Wang, D.},
  journal={IEEE Transactions on Information Theory},
  year={2023},
  publisher={IEEE}
}
@article{gray1993dithered,
  title={Dithered quantizers},
  author={Gray, R.M. and Stockham, T.G.},
  journal={IEEE Transactions on Information Theory},
  volume={39},
  number={3},
  pages={805--812},
  year={1993},
  publisher={IEEE}
}
@article{thrampoulidis2020generalized,
  title={The generalized {LASSO} for sub-{Gaussian} measurements with dithered quantization},
  author={Thrampoulidis, C. and Rawat, A. S.},
  journal={IEEE Transactions on Information Theory},
  volume={66},
  number={4},
  pages={2487--2500},
  year={2020},
  publisher={IEEE}
}
@inproceedings{matsumoto2022binary,
  title={Binary iterative hard thresholding converges with optimal number of measurements for 1-bit compressed sensing},
  author={Matsumoto, N. and Mazumdar, A.},
  booktitle={2022 IEEE 63rd Annual Symposium on Foundations of Computer Science (FOCS)},
  pages={813--822},
  year={2022},
  organization={IEEE}
}
@article{vershynin2007math,
  title={Math 280 lecture notes},
  author={Vershynin, R.},
  journal={Availabl e at http://www-stat. stanford. edu/\~{} dneedell/280. html},
  year={2007}
}
@article{dirksen2022sharp,
  title={Sharp estimates on random hyperplane tessellations},
  author={Dirksen, S. and Mendelson, S. and Stollenwerk, A.},
  journal={SIAM Journal on Mathematics of Data Science},
  volume={4},
  number={4},
  pages={1396--1419},
  year={2022},
  publisher={SIAM}
}


@ARTICLE{sedighi2021performance,
  author={Sedighi, S. and Shankar, M. R. B.  and Soltanalian, M. and Ottersten, B.},
  journal={IEEE Transactions on Signal Processing}, 
  title={On the Performance of One-Bit {DoA} Estimation via Sparse Linear Arrays}, 
  year={2021},
  volume={69},
  number={},
  pages={6165-6182},
  doi={10.1109/TSP.2021.3122290}}
