@article{han2022semantic,
  title={Semantic-preserved communication system for highly efficient speech transmission},
  author={Han, Tianxiao and Yang, Qianqian and Shi, Zhiguo and He, Shibo and Zhang, Zhaoyang},
  journal={IEEE Journal on Selected Areas in Communications},
  volume={41},
  number={1},
  pages={245--259},
  year={2022},
  publisher={IEEE}
}

@article{qin2021semantic,
  title={Semantic communications: Principles and challenges},
  author={Qin, Zhijin and Tao, Xiaoming and Lu, Jianhua and Li, Geoffrey Ye},
  journal={arXiv preprint arXiv:2201.01389},
  year={2021}
}

@inproceedings{liang2022life,
  title={Life-long learning for reasoning-based semantic communication},
  author={Liang, Jingming and Xiao, Yong and Li, Yingyu and Shi, Guangming and Bennis, Mehdi},
  booktitle={2022 IEEE International Conference on Communications Workshops (ICC Workshops)},
  pages={271--276},
  year={2022},
  organization={IEEE}
}

@article{yang2023secure,
  title={Secure Semantic Communications: Fundamentals and Challenges},
  author={Yang, Zhaohui and Chen, Mingzhe and Li, Gaolei and Yang, Yang and Zhang, Zhaoyang},
  journal={arXiv preprint arXiv:2301.01421},
  year={2023}
}

@article{tung2022deep,
  title={Deep joint source-channel and encryption coding: Secure semantic communications},
  author={Tung, Tze-Yang and Gunduz, Deniz},
  journal={arXiv preprint arXiv:2208.09245},
  year={2022}
}

@article{zhang2022wireless,
  title={Wireless Image Transmission with Semantic and Security Awareness},
  author={Zhang, Maojun and Li, Yang and Zhang, Zezhong and Zhu, Guangxu and Zhong, Caijun},
  journal={arXiv preprint arXiv:2212.00227},
  year={2022}
}

@article{akhtar2018threat,
  title={Threat of adversarial attacks on deep learning in computer vision: A survey},
  author={Akhtar, Naveed and Mian, Ajmal},
  journal={Ieee Access},
  volume={6},
  pages={14410--14430},
  year={2018},
  publisher={IEEE}
}

@article{chakraborty2018adversarial,
  title={Adversarial attacks and defences: A survey},
  author={Chakraborty, Anirban and Alam, Manaar and Dey, Vishal and Chattopadhyay, Anupam and Mukhopadhyay, Debdeep},
  journal={arXiv preprint arXiv:1810.00069},
  year={2018}
}

@article{zhang2020adversarial,
  title={Adversarial attacks on deep-learning models in natural language processing: A survey},
  author={Zhang, Wei Emma and Sheng, Quan Z and Alhazmi, Ahoud and Li, Chenliang},
  journal={ACM Transactions on Intelligent Systems and Technology (TIST)},
  volume={11},
  number={3},
  pages={1--41},
  year={2020},
  publisher={ACM New York, NY, USA}
}

@article{gao2020backdoor,
  title={Backdoor attacks and countermeasures on deep learning: A comprehensive review},
  author={Gao, Yansong and Doan, Bao Gia and Zhang, Zhi and Ma, Siqi and Zhang, Jiliang and Fu, Anmin and Nepal, Surya and Kim, Hyoungshick},
  journal={arXiv preprint arXiv:2007.10760},
  year={2020}
}

@article{he2020attacking,
  title={Attacking and protecting data privacy in edge--cloud collaborative inference systems},
  author={He, Zecheng and Zhang, Tianwei and Lee, Ruby B},
  journal={IEEE Internet of Things Journal},
  volume={8},
  number={12},
  pages={9706--9716},
  year={2020},
  publisher={IEEE}
}

@article{rudin1992nonlinear,
  title={Nonlinear total variation based noise removal algorithms},
  author={Rudin, Leonid I and Osher, Stanley and Fatemi, Emad},
  journal={Physica D: nonlinear phenomena},
  volume={60},
  number={1-4},
  pages={259--268},
  year={1992},
  publisher={Elsevier}
}

@article{bourtsoulatze2019deep,
  title={Deep joint source-channel coding for wireless image transmission},
  author={Bourtsoulatze, Eirina and Kurka, David Burth and G{\"u}nd{\"u}z, Deniz},
  journal={IEEE Transactions on Cognitive Communications and Networking},
  volume={5},
  number={3},
  pages={567--579},
  year={2019},
  publisher={IEEE}
}

@article{kingma2014adam,
  title={Adam: A method for stochastic optimization},
  author={Kingma, Diederik P and Ba, Jimmy},
  journal={arXiv preprint arXiv:1412.6980},
  year={2014}
}

@article{mukherjee2014principles,
  title={Principles of physical layer security in multiuser wireless networks: A survey},
  author={Mukherjee, Amitav and Fakoorian, S Ali A and Huang, Jing and Swindlehurst, A Lee},
  journal={IEEE Communications Surveys \& Tutorials},
  volume={16},
  number={3},
  pages={1550--1573},
  year={2014},
  publisher={IEEE}
}

@inproceedings{liu2015faceattributes,
  title = {Deep Learning Face Attributes in the Wild},
  author = {Liu, Ziwei and Luo, Ping and Wang, Xiaogang and Tang, Xiaoou},
  booktitle = {Proceedings of International Conference on Computer Vision (ICCV)},
  month = {December},
  year = {2015} 
}

@article{titcombe2021practical,
  title={Practical defences against model inversion attacks for split neural networks},
  author={Titcombe, Tom and Hall, Adam J and Papadopoulos, Pavlos and Romanini, Daniele},
  journal={arXiv preprint arXiv:2104.05743},
  year={2021}
}

@inproceedings{li2022ressfl,
  title={Ressfl: A resistance transfer framework for defending model inversion attack in split federated learning},
  author={Li, Jingtao and Rakin, Adnan Siraj and Chen, Xing and He, Zhezhi and Fan, Deliang and Chakrabarti, Chaitali},
  booktitle={Proceedings of the IEEE/CVF Conference on Computer Vision and Pattern Recognition},
  pages={10194--10202},
  year={2022}
}

@article{yang2020defending,
  title={Defending model inversion and membership inference attacks via prediction purification},
  author={Yang, Ziqi and Shao, Bin and Xuan, Bohan and Chang, Ee-Chien and Zhang, Fan},
  journal={arXiv preprint arXiv:2005.03915},
  year={2020}
}

@article{wang2004image,
  title={Image quality assessment: from error visibility to structural similarity},
  author={Wang, Zhou and Bovik, Alan C and Sheikh, Hamid R and Simoncelli, Eero P},
  journal={IEEE transactions on image processing},
  volume={13},
  number={4},
  pages={600--612},
  year={2004},
  publisher={IEEE}
}

@article{xing2022energy,
  title={Energy efficiency optimization for rate-splitting multiple access-based indoor visible light communication networks},
  author={Xing, Fangyuan and He, Shibo and Leung, Victor CM and Yin, Hongxi},
  journal={IEEE Journal on Selected Areas in Communications},
  volume={40},
  number={5},
  pages={1706--1720},
  year={2022},
  publisher={IEEE}
}

@article{ji2021dynamic,
  title={Dynamic network slicing orchestration for remote adaptation and configuration in industrial IoT},
  author={Ji, Luyue and He, Shibo and Wu, Wenjie and Gu, Chaojie and Bi, Jichao and Shi, Zhiguo},
  journal={IEEE Transactions on Industrial Informatics},
  volume={18},
  number={6},
  pages={4297--4307},
  year={2021},
  publisher={IEEE}
}

@article{he2021efficient,
  title={Efficient fault-tolerant information barrier coverage in internet of things},
  author={He, Shibo and Chen, Jiming and Shu, Yuanchao and Cui, Xianbin and Shi, Kun and Wei, Chunjuan and Shi, Zhiguo},
  journal={IEEE Transactions on Wireless Communications},
  volume={20},
  number={12},
  pages={7963--7976},
  year={2021},
  publisher={IEEE}
}

@article{liu2020privacy,
  title={Privacy and security issues in deep learning: A survey},
  author={Liu, Ximeng and Xie, Lehui and Wang, Yaopeng and Zou, Jian and Xiong, Jinbo and Ying, Zuobin and Vasilakos, Athanasios V},
  journal={IEEE Access},
  volume={9},
  pages={4566--4593},
  year={2020},
  publisher={IEEE}
}

@article{sagduyu2022semantic,
  title={Is Semantic Communications Secure? A Tale of Multi-Domain Adversarial Attacks},
  author={Sagduyu, Yalin E and Erpek, Tugba and Ulukus, Sennur and Yener, Aylin},
  journal={arXiv preprint arXiv:2212.10438},
  year={2022}
}

@article{du2022rethinking,
  title={Rethinking Wireless Communication Security in Semantic Internet of Things},
  author={Du, Hongyang and Wang, Jiacheng and Niyato, Dusit and Kang, Jiawen and Xiong, Zehui and Guizani, Mohsen and Kim, Dong In},
  journal={arXiv preprint arXiv:2210.04474},
  year={2022}
}