@article{wan2021convergence,
  title={Convergence analysis and system design for federated learning over wireless networks},
  author={Wan, Shuo and Lu, Jiaxun and Fan, Pingyi and Shao, Yunfeng and Peng, Chenghui and Letaief, Khaled B},
  journal={IEEE J. Sel. Areas Commun.},
  volume={39},
  number={12},
  pages={3622--3639},
  month = {Oct.},
  year={2021}
}

@article{xing2021federated,
  title={Federated learning over wireless device-to-device networks: Algorithms and convergence analysis},
  author={Xing, Hong and Simeone, Osvaldo and Bi, Suzhi},
  journal={IEEE J. Sel. Areas Commun.},
  volume={39},
  number={12},
  pages={3723--3741},
  month = {Oct.},
  year={2021}
}

@inproceedings{xing2020decentralized,
  title={Decentralized federated learning via {SGD} over wireless {D2D} networks},
  author={\vspace{0mm}Xing, Hong and Simeone, Osvaldo and Bi, Suzhi},
  booktitle={Proc. IEEE 21st Int. Workshop Signal Process. Adv. Wireless Commun. (SPAWC)},
  pages={1--5},
  month = {May},
  year={2020},
}

@article{amiri2020machine,
  title={Machine learning at the wireless edge: Distributed stochastic gradient descent over-the-air},
  author={Amiri, Mohammad Mohammadi and G{\"u}nd{\"u}z, Deniz},
  journal={IEEE Trans. Signal Process.},
  volume={68},
  pages={2155--2169},
  month = {Mar.},
  year={2020}
}

@article{caldas2018leaf,
  title={Leaf: A benchmark for federated settings},
  author={Caldas, Sebastian and Duddu, Sai Meher Karthik and Wu, Peter and Li, Tian and Kone{\v{c}}n{\`y}, Jakub and McMahan, H Brendan and Smith, Virginia and Talwalkar, Ameet},
  journal={arXiv preprint arXiv:1812.01097},
  month = {Dec.},
  year={2018}
}

@article{bonawitz2019towards,
  title={Towards federated learning at scale: System design},
  author={Bonawitz, Keith and Eichner, Hubert and Grieskamp, Wolfgang and Huba, Dzmitry and Ingerman, Alex and Ivanov, Vladimir and Kiddon, Chloe and Kone{\v{c}}n{\`y}, Jakub and Mazzocchi, Stefano and McMahan, Brendan and others},
  journal={arXiv preprint arXiv:1902.01046},
  month={Feb.},
  year={2019}
}

@inproceedings{FedCP-QQ,
  title={One-Shot Federated Conformal Prediction},
  author={Humbert, Pierre and Le Bars, Batiste and Bellet, Aur{\'e}lien and Arlot, Sylvain},
  booktitle={Proc. Int. Conf. Mach. Learn.},
  pages={14153--14177},
  month = {Jul.},
  year={2023},
}

@article{Tong_TBMA,
  title     = {Type based estimation over multiaccess channels},
  author    = {Mergen, G{\"o}khan and Tong, Lang},
  journal   = {IEEE Trans. Signal Process.},
  volume    = {54},
  number    = {2},
  pages     = {613--626},
  month = {Jan.},
  year      = {2006},
  publisher = {IEEE}
}

@inproceedings{Liu_TBMA,
  title        = {Asymptotically optimal decentralized type-based detection in wireless sensor networks},
  author       = {Liu, Ke and Sayeed, Akbar M},
  booktitle    = {Proc. IEEE Int. Conf. Acoust., Speech, Signal Process},
  pages        = {iii--873},
  month  =  {May},
  year         = {2004}
}

@article{FedCP-Avg,
  title={Distribution-free federated learning with conformal predictions},
  author={Lu, Charles and Kalpathy-Cramer, Jayasheree},
  journal={arXiv preprint arXiv:2110.07661},
  month = {Oct.},
  year={2021}
}

@inproceedings{lu2023federated,
  title={Federated Conformal Predictors for Distributed Uncertainty Quantification},
  author={Lu, Charles and Yu, Yaodong and Karimireddy, Sai Praneeth and Jordan, Michael I and Raskar, Ramesh},
  booktitle={Proc. Int. Conf. Mach. Learn.},
  pages={22942--22964},
  month = {Jul.},
  year={2023},
}

@article{luo2016quantiles,
  title={Quantiles over data streams: {Experimental} comparisons, new analyses, and further improvements},
  author={Luo, Ge and Wang, Lu and Yi, Ke and Cormode, Graham},
  journal={The VLDB Journal},
  volume={25},
  pages={449--472},
  month = {Feb.},
  year={2016},
  publisher={Springer}
}

@article{dunning2021t,
  title={The t-digest: Efficient estimates of distributions},
  author={Dunning, Ted},
  journal={Softw. Impacts},
  volume={7},
  number={100049},
  month = {Feb.},
  year={2021},
  publisher={Elsevier}
}

@article{plassier2023conformal,
  title={Conformal Prediction for Federated Uncertainty Quantification Under Label Shift},
  author={Plassier, Vincent and Makni, Mehdi and Rubashevskii, Aleksandr and Moulines, Eric and Panov, Maxim},
  journal={arXiv preprint arXiv:2306.05131},
  month={Jun.},
  year={2023}
}

@inproceedings{tibshirani2019conformal,
  title        = {Conformal prediction under covariate shift},
  author       = {Tibshirani, Ryan J and Foygel Barber, Rina and Candes, Emmanuel and Ramdas, Aaditya},
  booktitle    = {Proc. Adv. Neural Inf. Process. Syst},
  pages        = {2526--2536},
  volume = {32},
  year         = {2019}
}

@article{multi_cell_FRAN,
  title     = {Information-centric grant-free access for {IoT} {Fog} networks: Edge vs. Cloud detection and learning},
  author    = {Kassab, Rahif and Simeone, Osvaldo and Popovski, Petar},
  journal   = {IEEE Trans. Wirel. Commun.},
  volume    = {19},
  number    = {10},
  pages     = {6347--6361},
  month = {Oct.},
  year      = {2020},
  publisher = {IEEE}
}

@inproceedings{single_cell_codebook,
  title        = {Joint source-channel coding and Bayesian message passing detection for grant-free radio access in {IoT}},
  author       = {Dommel, Johannes and Utkovski, Zoran and Sta{\'n}czak, S{\l}awomir and Simeone, Osvaldo},
  booktitle    = {Proc. IEEE Int. Conf. Acoust., Speech, Signal
Process.},
  pages        = {8574--8578},
  month = {May},
  year         = {2020}
}

@article{multi_cell_codebook,
  title   = {Joint source-channel coding for semantics-aware grant-free radio access in {IoT} {Fog} networks},
  author  = {Dommel, Johannes and Utkovski, Zoran and Simeone, Osvaldo and Sta{\'n}czak, S{\l}awomir},
  journal = {IEEE Signal Process. Lett.},
  volume  = {28},
  pages   = {728--732},
  month = {Apr.},
  year    = {2021},
  publisher = {IEEE}
}

@article{zhu2023information,
  title={Information Bottleneck-Inspired Type Based Multiple Access for Remote Estimation in IoT Systems},
  author={Zhu, Meiyi and Feng, Chunyan and Guo, Caili and Jiang, Nan and Simeone, Osvaldo},
  journal={IEEE Signal Process. Lett.},
  volume={30},
  pages={403--407},
  month = {Apr.},
  year={2023},
  publisher={IEEE}
}

@inproceedings{mcmahan2017communication,
  title={Communication-efficient learning of deep networks from decentralized data},
  author={McMahan, Brendan and Moore, Eider and Ramage, Daniel and Hampson, Seth and y Arcas, Blaise Aguera},
  booktitle={Proc. Int. Conf. Artif. Intell. Stat. (AISTATS)},
  pages={1273--1282},
  volume = {54},
  month = {Apr.},
  year={2017}
}

@book{vovk2005algorithmic,
  title={Algorithmic learning in a random world},
  author={Vovk, Vladimir and Gammerman, Alexander and Shafer, Glenn},
  volume={29},
  year={2005},
  publisher={Springer}
}

@inproceedings{bai2021don,
  title={Donâ€™t just blame over-parametrization for over-confidence: Theoretical analysis of calibration in binary classification},
  author={Bai, Yu and Mei, Song and Wang, Huan and Xiong, Caiming},
  booktitle={Proc. Int. Conf. Mach. Learn.},
  pages={566--576},
  month = {Jul.},
  year={2021}
}

@inproceedings{guo2017calibration,
  title={On calibration of modern neural networks},
  author={Guo, Chuan and Pleiss, Geoff and Sun, Yu and Weinberger, Kilian Q},
  booktitle={Proc. Int. Conf. Mach. Learn.},
  pages={1321--1330},
  month = {Aug.},
  year={2017}
}

@article{cohen2022calibrating,
  title={Calibrating {AI} Models for Wireless Communications via Conformal Prediction},
  author={Cohen, Kfir M and Park, Sangwoo and Simeone, Osvaldo and Shamai, Shlomo},
  journal={arXiv preprint arXiv:2212.07775},
  month = {Dec.},
  year={2022}
}

@article{liu2020privacy,
  title={Privacy for free: Wireless federated learning via uncoded transmission with adaptive power control},
  author={Liu, Dongzhu and Simeone, Osvaldo},
  journal={IEEE J. Sel. Areas Commun.},
  volume={39},
  number={1},
  pages={170--185},
  month = {Nov.},
  year={2020},
  publisher={IEEE}
}

@article{zhu2019broadband,
  title={Broadband analog aggregation for low-latency federated edge learning},
  author={Zhu, Guangxu and Wang, Yong and Huang, Kaibin},
  journal={IEEE Trans. Wirel. Commun.},
  volume={19},
  number={1},
  pages={491--506},
  month = {Jan.},
  year={2020},
  publisher={IEEE}
}

@article{yang2020federated,
  title={Federated learning via over-the-air computation},
  author={Yang, Kai and Jiang, Tao and Shi, Yuanming and Ding, Zhi},
  journal={IEEE Trans. Wirel. Commun.},
  volume={19},
  number={3},
  pages={2022--2035},
  month = {Mar.},
  year={2020},
  publisher={IEEE}
}

@article{angelopoulos2021gentle,
  title={A gentle introduction to conformal prediction and distribution-free uncertainty quantification},
  author={Angelopoulos, Anastasios N and Bates, Stephen},
  journal={arXiv preprint arXiv:2107.07511},
  month = {Jul.},
  year={2021}
}

@article{barber2021predictive,
  title={Predictive inference with the jackknife+},
  author={Barber, Rina Foygel and Candes, Emmanuel J and Ramdas, Aaditya and Tibshirani, Ryan J},
  journal={Ann. Statist.},
  volume = {49},
  number = {1},
  pages = {486--507},
  month = {Feb.},
  year={2021}
}

@article{romano2020classification,
  title={Classification with valid and adaptive coverage},
  author={Romano, Yaniv and Sesia, Matteo and Candes, Emmanuel},
  journal={Adv. Neural Inf. Process. Syst.},
  volume={33},
  pages={3581--3591},
  month = {Dec.},
  year={2020}
}

@article{wang2022probabilistic,
  title={Probabilistic conformal prediction using conditional random samples},
  author={Wang, Zhendong and Gao, Ruijiang and Yin, Mingzhang and Zhou, Mingyuan and Blei, David M},
  journal={arXiv preprint arXiv:2206.06584},
  month = {Jun.},
  year={2022}
}

@article{teng2022predictive,
  title={Predictive inference with feature conformal prediction},
  author={Teng, Jiaye and Wen, Chuan and Zhang, Dinghuai and Bengio, Yoshua and Gao, Yang and Yuan, Yang},
  journal={arXiv preprint arXiv:2210.00173},
  month = {Oct.},
  year={2022}
}

@article{chen2023spikecp,
  title={SpikeCP: Delay-Adaptive Reliable Spiking Neural Networks via Conformal Prediction},
  author={Chen, Jiechen and Park, Sangwoo and Simeone, Osvaldo},
  journal={arXiv preprint arXiv:2305.11322},
  month = {May},
  year={2023}
}

@article{lei2014distribution,
  title={Distribution-free prediction bands for non-parametric regression},
  author={Lei, Jing and Wasserman, Larry},
  journal={Journal of the Royal Statistical Society: Series B: Statistical Methodology},
  pages={71--96},
  volume = {76},
  number = {1},
  month = {Jan.},
  year={2014},
  publisher={JSTOR}
}

@article{polyanskiy2010channel,
  title={Channel coding rate in the finite blocklength regime},
  author={Polyanskiy, Yury and Poor, H Vincent and Verd{\'u}, Sergio},
  journal={IEEE Trans. Inf. Theory},
  volume={56},
  number={5},
  pages={2307--2359},
  month = {May},
  year={2010},
  publisher={IEEE}
}

@inproceedings{renyi1961measures,
  title={On measures of entropy and information},
  author={R{\'e}nyi, Alfr{\'e}d},
  booktitle={Proc. 4th Berkeley Symp. Math. Statist. Prob.},
  volume={4},
  pages={547--562},
  year={1961}
}

@article{angelopoulos2022private,
  title={Private prediction sets},
  author={Angelopoulos, Anastasios Nikolas and Bates, Stephen and Zrnic, Tijana and Jordan, Michael I},
  journal = {Harvard Data Science Review},
  volume = {4},
  number = {2},
  month = {Apr.},
  year={2022}
}

@inproceedings{he2016deep,
  title={Deep residual learning for image recognition},
  author={He, Kaiming and Zhang, Xiangyu and Ren, Shaoqing and Sun, Jian},
  booktitle={Proc. IEEE Conf. Comput. Vis. Pattern Recognit.},
  pages={770--778},
  month = {Jul.},
  year={2016}
}

@book{wald2004sequential,
  title     ={Sequential analysis},
  author    = {Wald, Abraham},
  year      = {2004},
  publisher = {Courier Corporation}
}