@ARTICLE{Sen_Tang_Nehorai_2010,
  author={Sen, Satyabrata and Tang, Gongguo and Nehorai, Arye},
  journal={IEEE Trans. Signal Process.}, 
  title={Multiobjective Optimization of {OFDM} Radar Waveform for Target Detection}, 
  year={2011},
  volume={59},
  number={2},
  pages={639-652},
  doi={10.1109/TSP.2010.2089628}}

@ARTICLE{Sit_Nuss_Zwick_2017,
  author={Sit, Yoke Leen and Nuss, Benjamin and Zwick, Thomas},
  journal={Trans. Veh. Technol.}, 
  title={On Mutual Interference Cancellation in a {MIMO OFDM} Multiuser Radar-Communication Network}, 
  year={2018},
  volume={67},
  number={4},
  pages={3339-3348},
  doi={10.1109/TVT.2017.2781149}}

@article{Papandreou_Antonakopoulos_2007,
  title={Bit and power allocation in constrained multicarrier systems: The single-user case},
  author={Papandreou, Nikolaos and Antonakopoulos, Theodore},
  journal={EURASIP J. Adv. Signal Process.},
  volume={2008},
  pages={1--14},
  year={2007},
  publisher={Springer}
}
 @article{shen2018fractional,
 	title={Fractional programming for communication systems—Part {I}: Power control and beamforming},
 	author={Shen, Kaiming and Yu, Wei},
 	journal={IEEE Trans. Signal Process.},
 	volume={66},
 	number={10},
 	pages={2616--2630},
 	year={2018},
 	publisher={IEEE}
 }
@article{bultitude20074,
	title={{IST}-4-027756 {WINNER II D1. 1.2 V1. 2 WINNER II Channel Models}},
	author={Bultitude, Yvo de Jong and Rautiainen, Terhi},
	journal={EBITG, TUI, UOULU, CU/CRC, NOKIA, Tech. Rep},
	year={2007}
}
@article{aubry2015new,
	title={A new radar waveform design algorithm with improved feasibility for spectral coexistence},
	author={Aubry, Augusto and De Maio, Antonio and Huang, Yongwei and Piezzo, Marco and Farina, Alfonso},
	journal={IEEE Trans. Aerosp. Electron. Syst.},
	volume={51},
	number={2},
	pages={1029--1038},
	year={2015},
	publisher={IEEE}
}
@inproceedings{huang2015radar,
	title={Radar waveform design in spectrum sharing environment: Coexistence and cognition},
	author={Huang, Kuan-Wen and Bic{\u{a}}, Marian and Mitra, Urbashi and Koivunen, Visa},
	booktitle={Proc. 2015 IEEE Radar Conference (RadarCon)},
	pages={1698--1703},
	year={2015},
address={Arlington, VA, USA}
}
@article{li2017joint,
	title={Joint transmit designs for coexistence of {MIMO} wireless communications and sparse sensing radars in clutter},
	author={Li, Bo and Petropulu, Athina P},
	journal={IEEE Trans. Aerosp. Electron. Syst.},
	volume={53},
	number={6},
	pages={2846--2864},
	year={2017},
	publisher={IEEE}
}
@article{liu2018mu,
	title={{MU-MIMO} communications with {MIMO} radar: From co-existence to joint transmission},
	author={Liu, Fan and Masouros, Christos and Li, Ang and Sun, Huafei and Hanzo, Lajos},
	journal={Trans. Wireless Commun.},
	volume={17},
	number={4},
	pages={2755--2770},
	year={2018},
	publisher={IEEE}
}
@article{cui2021integrating,
	title={Integrating sensing and communications for ubiquitous {IoT}: Applications, trends, and challenges},
	author={Cui, Yuanhao and Liu, Fan and Jing, Xiaojun and Mu, Junsheng},
	journal={IEEE Netw.},
	volume={35},
	number={5},
	pages={158--167},
	year={2021},
	publisher={IEEE}
}

@article{zheng2017joint,
	title={Joint design of overlaid communication systems and pulsed radars},
	author={Zheng, Le and Lops, Marco and Wang, Xiaodong and Grossi, Emanuele},
	journal={IEEE Trans. Signal Process.},
	volume={66},
	number={1},
	pages={139--154},
	year={2017},
	publisher={IEEE}
}
@article{wang2019joint,
	title={Joint power allocation for radar and communication co-existence},
	author={Wang, Fangzhou and Li, Hongbin},
	journal={IEEE Signal Process. Lett.},
	volume={26},
	number={11},
	pages={1608--1612},
	year={2019},
	publisher={IEEE}
}
@article{liu2018mimo,
	title={{MIMO} radar and cellular coexistence: A power-efficient approach enabled by interference exploitation},
	author={Liu, Fan and Masouros, Christos and Li, Ang and Ratnarajah, Tharmalingam and Zhou, Jianming},
	journal={IEEE Trans. Signal Process.},
	volume={66},
	number={14},
	pages={3681--3695},
	year={2018},
	publisher={IEEE}
}
@article{nartasilpa2018communications,
	title={Communications system performance and design in the presence of radar interference},
	author={Nartasilpa, Narueporn and Salim, Ahmad and Tuninetti, Daniela and Devroye, Natasha},
	journal={IEEE Trans. Commun.},
	volume={66},
	number={9},
	pages={4170--4185},
	year={2018},
	publisher={IEEE}
}
@article{wang2019power,
	title={Power allocation and co-design of multicarrier communication and radar systems for spectral coexistence},
	author={Wang, Fangzhou and Li, Hongbin and Govoni, Mark A},
	journal={IEEE Trans. Signal Process.},
	volume={67},
	number={14},
	pages={3818--3831},
	year={2019},
	publisher={IEEE}
}

@ARTICLE{hassanien2019dual,
  author={Hassanien, Aboulnasr and Amin, Moeness G. and Aboutanios, Elias and Himed, Braham},
  journal={IEEE Signal Process. Mag}, 
  title={Dual-Function Radar Communication Systems: A Solution to the Spectrum Congestion Problem}, 
  year={2019},
  volume={36},
  number={5},
  pages={115-126},
  doi={10.1109/MSP.2019.2900571}}

@article{de2021joint,
	title={Joint radar-communication systems: Modulation schemes and system design},
	author={de Oliveira, Lucas Giroto and Nuss, Benjamin and Alabd, Mohamad Basim and Diewald, Axel and Pauli, Mario and Zwick, Thomas},
	journal={IEEE Trans. Microw. Theory Techn.},
	volume={70},
	number={3},
	pages={1521--1551},
	year={2021},
	publisher={IEEE}
}
@ARTICLE{WangPowerAllocation,
	author={Wang, Fangzhou and Li, Hongbin},
	journal={IEEE Trans. Signal Process.}, 
	title={Power Allocation for Coexisting Multicarrier Radar and Communication Systems in Cluttered Environments}, 
	year={2021},
	volume={69},
	number={},
	pages={1603-1613},
	doi={10.1109/TSP.2021.3060003}}
@ARTICLE{9729765,
  author={Ding, Changfeng and Wang, Jun-Bo and Zhang, Hua and Lin, Min and Li, Geoffrey Ye},
  journal={J. Sel. Areas Commun.}, 
  title={Joint {MIMO} Precoding and Computation Resource Allocation for Dual-Function Radar and Communication Systems With Mobile Edge Computing}, 
  year={2022},
  volume={40},
  number={7},
  pages={2085-2102},
  doi={10.1109/JSAC.2022.3157389}}
@ARTICLE{9921194,
  author={Lee, Joash and Cheng, Yanyu and Niyato, Dusit and Guan, Yong Liang and González G., David},
  journal={Trans. Veh. Technol.}, 
  title={Intelligent Resource Allocation in Joint Radar-Communication With Graph Neural Networks}, 
  year={2022},
  volume={71},
  number={10},
  pages={11120-11135},
  doi={10.1109/TVT.2022.3187377}}
@ARTICLE{10136774,
  author={Chen, Jie and Wang, Xianbin and Liang, Ying-Chang},
  journal={IEEE Trans. Commun.}, 
  title={Impact of Channel Aging on Dual-Function Radar-Communication Systems: Performance Analysis and Resource Allocation}, 
  year={2023},
  volume={},
  number={},
  pages={1-1},
  doi={10.1109/TCOMM.2023.3280213}}

@ARTICLE{yxtit2023,
author={Xiong, Yifeng and Liu, Fan and Cui, Yuanhao and Yuan, Weijie and Han, Tony Xiao and Caire, Giuseppe},
journal={IEEE Trans. Inf. Theory},
title={On the Fundamental Tradeoff of Integrated Sensing and Communications Under {G}aussian Channels},
year={2023},
volume={},
number={},
month={\textit{Early Access}},
doi={10.1109/TIT.2023.3284449}}