@article{khan2022digital,
  title={Digital-twin-enabled 6{G}: Vision, architectural trends, and future directions},
  author={Khan, Latif U and Saad, Walid and Niyato, Dusit and Han, Zhu and Hong, Choong Seon},
  journal={IEEE Communications Magazine},
  volume={60},
  number={1},
  pages={74--80},
  year={2022},
  publisher={IEEE}
}

@article{hui2022digital,
  title={Digital Twin for Networking: A Data-driven Performance Modeling Perspective},
  author={Hui, Linbo and Wang, Mowei and Zhang, Liang and Lu, Lu and Cui, Yong},
  journal={arXiv preprint arXiv:2206.00310},
  year={2022}
}


@techreport{oran_infomodel_datamodels,
	title = {O-RAN.WG1.Information Model and Data Models-v01.00},
	author = {{O-RAN Alliance}},
	year = {2021},
	institution = {O-RAN Alliance},
	type = {Technical Report},
	number = {WG1}
}


@techreport{oran_E2,
	title = {{O-RAN} Near-Real-time RAN Intelligent
	Controller, {E2} Application Protocol 2.00},
	author = {{O-RAN Working Group 3}},
	year = {2020},
	type = {O-RAN.WG3.E2AP-v02.00
	Technical Specification},
}

@techreport{oran_E2_service,
	title = {{O-RAN} Near-Real-time {RAN} Intelligent Controller {E2} Service
	Model 2.00},
	author = {{O-RAN Working Group 3}},
	year = {2021},
	type = {ORAN-WG3.E2SM-v02.00 Technical Specification},
}


@techreport{oran_E2SMKPM,
	title = {{O-RAN} Near-Real-time {RAN} Intelligent Controller {E2} Service Model {(E2SM) KPM} 2.0},
	author = {{O-RAN Working Group 3}},
	year = {2021},
	type = {ORAN-WG3.E2SMKPM-v02.00 Technical Specification},
}




@misc{itu-y3090,
	title = "{ITU-T Y.3090} Digital twin network – Requirements and architecture",
	author = "{International Telecommunication Union}",
	year = "2020",
	url= {https://www.itu.int/rec/T-REC-Y.3090},
}

@techreport{o-ran-arch,
	author      = "O-RAN WG2",
	title       = "{Non-RT RIC Architecture 2.01}",
	type        = "Technical Specification",
	number      = "O-RAN.WG2.Non-RT-RIC-ARCH-TS-v02.01",
	month       = "October",
	year        = "2022"
}

@techreport{o-ran-usecases,
	author      = "O-RAN WG2",
	title       = "{Non-RT RIC \& A1 Interface: Use Cases and Requirements 6.0}",
	type        = "Technical Specification",
	number      = "O-RAN.WG2.Use-Case-Requirements-v06.00",
	year        = "2022"
}

@techreport{o-ran-a1gap,
	author      = "O-RAN WG2",
	title       = "{A1 interface: General Aspects and Principles 3.0}",
	type        = "Technical Specification",
	number      = "O-RAN.WG2.A1GAP-v03.00",
	month       = "October",
	year        = "2022"
}

@techreport{o-ran-usecases-spec,
	author      = "O-RAN WG1",
	title       = "{Use Cases Detailed Specification 9.0}",
	type        = "Technical Specification",
	number      = "O-RAN.WG1.Use-Cases-Detailed-Specification-v09.00",
	month       = "October",
	year        = "2022"
}

@techreport{o-ran-usecases-analysis,
	author      = "O-RAN WG1",
	title       = "{Use Cases Analysis Report 9.0}",
	type        = "Technical Report",
	number      = "O-RAN.WG1.Use-Cases-Analysis-Report-v09.00",
	month       = "October",
	year        = "2022"
}



@INPROCEEDINGS{Openmodelica,
	author={Fritzson, Peter},
	booktitle={2021 Winter Simulation Conference (WSC)}, 
	title={The Openmodelica Environment for Building Digital Twins of Sustainable Cyber-Physical Systems}, 
	year={2021},
	volume={},
	number={},
	pages={1-12},
	doi={10.1109/WSC52266.2021.9715443}}



@article{mozo2022b5gemini,
  title={B5GEMINI: AI-Driven Network Digital Twin},
  author={Mozo, Alberto and Karamchandani, Amit and G{\'o}mez-Canaval, Sandra and Sanz, Mario and Moreno, Jose Ignacio and Pastor, Antonio},
  journal={Sensors},
  volume={22},
  number={11},
  pages={4106},
  year={2022},
  publisher={Multidisciplinary Digital Publishing Institute}
}

@article{ETSI,
	title={Experiential Networked Intelligence ({ENI}); {Evaluation} of Categories for AI Application to Networks},
	journal={ document ETSI	Group Report GR ENI 010},
	volume={Rev. 1.1.1},
	year={2021},
	url={Available: https://portal.etsi.org/webapp/WorkProgram/Report_WorkItem.asp?WKI_ID=58926}
}

@inproceedings{Geng2019SIMONAS,
	title={{SIMON}: A Simple and Scalable Method for Sensing, Inference and Measurement in Data Center Networks},
	author={Yilong Geng and Shiyu Liu and Zi Yin and Ashish Naik and Balaji Prabhakar and Mendel Rosenblum and Amin Vahdat},
	booktitle={Symp. on Net. Syst. Design and Implementation},
	year={2019}
}


@inproceedings{MimicNet'21,
	author = {Zhang, Qizhen and Ng, Kelvin K. W. and Kazer, Charles and Yan, Shen and Sedoc, Jo\~{a}o and Liu, Vincent},
	title = {{MimicNet}: Fast Performance Estimates for Data Center Networks with Machine Learning},
	year = {2021},
	isbn = {9781450383837},
	publisher = {Association for Computing Machinery},
	address = {New York, NY, USA},
	url = {https://doi.org/10.1145/3452296.3472926},
	doi = {10.1145/3452296.3472926},
	booktitle = {ACM SIGCOMM Conf.},
	pages = {287–304},
	numpages = {18},
	keywords = {approximation, network simulation, machine learning, data center networks, network modeling},
	location = {Virtual Event, USA},
	series = {SIGCOMM '21}
}

@article{Rusek_2020,
	doi = {10.1109/jsac.2020.3000405},
	url = {https://doi.org/10.1109%2Fjsac.2020.3000405},
	year = 2020,
	month = {oct},
	publisher = {Institute of Electrical and Electronics Engineers ({IEEE})},
	volume = {38},
	number = {10},
	pages = {2260--2270},
	author = {Krzysztof Rusek and Jose Suarez-Varela and Paul Almasan and Pere Barlet-Ros and Albert Cabellos-Aparicio},
	title = {{RouteNet}: Leveraging Graph Neural Networks for Network Modeling and Optimization in {SDN}
	},
	journal = {{IEEE} J. Selected Areas  Commun.}
}

@inproceedings{wang2022xnet,
	title={{xNet}: Improving expressiveness and granularity for network modeling with graph neural networks},
	author={Wang, Mowei and Hui, Linbo and Cui, Yong and Liang, Ru and Liu, Zhenhua},
	booktitle={IEEE INFOCOM },
	pages={2028--2037},
	year={2022},
	organization={IEEE}
}

@article{DBLP:journals/cn/LiSH20,
	author    = {Junfei Li and
	Penghao Sun and
	Yuxiang Hu},
	title     = {Traffic modeling and optimization in datacenters with graph neural
	network},
	journal   = {Comput. Networks},
	volume    = {181},
	pages     = {107528},
	year      = {2020},
	url       = {https://doi.org/10.1016/j.comnet.2020.107528},
	doi       = {10.1016/j.comnet.2020.107528},
	timestamp = {Fri, 06 Nov 2020 14:34:00 +0100},
	biburl    = {https://dblp.org/rec/journals/cn/LiSH20.bib},
	bibsource = {dblp computer science bibliography, https://dblp.org}
}

@article{Geyer2019DeepComNetPE,
	title={{DeepComNet}: Performance evaluation of network topologies using graph-based deep learning},
	author={Fabien Geyer},
	journal={Perform. Evaluation},
	year={2019},
	volume={130},
	pages={1-16}
}

@article{Suzuki2020OnEC,
	title={On Estimating Communication Delays using Graph Convolutional Networks with Semi-Supervised Learning},
	author={Taisei Suzuki and Yuichi Yasuda and Ryo Nakamura and Hiroyuki Ohsaki},
	journal={ Int. Conf.  Info. Networking (ICOIN)},
	year={2020},
	pages={481-486}
}\\

@article{10.1145/3224421,
	author = {Wang, Mowei and Cui, Yong and Xiao, Shihan and Wang, Xin and Yang, Dan and Chen, Kai and Zhu, Jun},
	title = {Neural Network Meets {DCN}: Traffic-Driven Topology Adaptation with Deep Learning},
	year = {2018},
	issue_date = {June 2018},
	publisher = {Association for Computing Machinery},
	address = {New York, NY, USA},
	volume = {2},
	number = {2},
	url = {https://doi.org/10.1145/3224421},
	doi = {10.1145/3224421},
	journal = {Proc. ACM Meas. Anal. Comput. Syst.},
	month = {jun},
	articleno = {26},
	numpages = {25},
	keywords = {data center networks, deep learning, topology adaptation}
}


@article{mirza2007machine,
	title={A machine learning approach to {TCP} throughput prediction},
	author={Mirza, Mariyam and Sommers, Joel and Barford, Paul and Zhu, Xiaojin},
	journal={ACM SIGMETRICS Performance Evaluation Review},
	volume={35},
	number={1},
	pages={97--108},
	year={2007},
	publisher={ACM New York, NY, USA}
}


@inproceedings{xiao2018deep,
	title={{Deep-q}: Traffic-driven {QoS} inference using deep generative network},
	author={Xiao, Shihan and He, Dongdong and Gong, Zhibo},
	booktitle={Proc. Workshop  Network Meets AI \& ML},
	pages={67--73},
	year={2018}
}\\

@article{budiardjo2021digital,
	title={Digital twin system interoperability framework},
	author={Budiardjo, Anto and Migliori, Doug},
	journal={Digital Twin Consortium},
	year={2021}
}


@ARTICLE{5595728,
	author={Marzetta, Thomas L.},
	journal={IEEE Trans. Wireless Commun.}, 
	title={Noncooperative Cellular Wireless with Unlimited Numbers of Base Station Antennas}, 
	year={2010},
	volume={9},
	number={11},
	pages={3590-3600},
	doi={10.1109/TWC.2010.092810.091092}}\\


@ARTICLE{6736761,
	author={Larsson, Erik G. and Edfors, Ove and Tufvesson, Fredrik and Marzetta, Thomas L.},
	journal={IEEE Commun. Mag.}, 
	title={Massive {MIMO} for next generation wireless systems}, 
	year={2014},
	volume={52},
	number={2},
	pages={186-195},
	doi={10.1109/MCOM.2014.6736761}}

@article{rappaport2015millimeter,
	title={Millimeter wave wireless communications},
	author={Rappaport, Theodore S and William, Robert and Clark, Robert and Nelson, James and others},
	year={2015},
	publisher={Prentice Hall}
}

@ARTICLE{7400949,
	author={Heath, Robert W. and González-Prelcic, Nuria and Rangan, Sundeep and Roh, Wonil and Sayeed, Akbar M.},
	journal={IEEE J.  Sel. Topics in Signal Process.}, 
	title={An Overview of Signal Processing Techniques for Millimeter Wave {MIMO} Systems}, 
	year={2016},
	volume={10},
	number={3},
	pages={436-453},
	doi={10.1109/JSTSP.2016.2523924}}

@ARTICLE{6847111,
	author={Alkhateeb, Ahmed and El Ayach, Omar and Leus, Geert and Heath, Robert W.},
	journal={IEEE J. Sel. Topics Signal Process.}, 
	title={Channel Estimation and Hybrid Precoding for Millimeter Wave Cellular Systems}, 
	year={2014},
	volume={8},
	number={5},
	pages={831-846},
	doi={10.1109/JSTSP.2014.2334278}}

@ARTICLE{9563221,
	author={Mirzaei, Javad and ShahbazPanahi, Shahram and Sohrabi, Foad and Adve, Raviraj},
	journal={IEEE Trans. Signal Process.}, 
	title={Hybrid Analog and Digital Beamforming Design for Channel Estimation in Correlated Massive {MIMO} Systems}, 
	year={2021},
	volume={69},
	number={},
	pages={5784-5800},
	doi={10.1109/TSP.2021.3118492}}


@INPROCEEDINGS{9053980,
	author={Mirzaei, Javad and Sohrabi, Foad and Adve, Raviraj and ShahbazPanahi, Shahram},
	booktitle={IEEE Int. Conf. Acoustics, Speech and Signal Process. (ICASSP)}, 
	title={{MMSE}-Based Channel Estimation for Hybrid Beamforming Massive {MIMO} with Correlated Channels}, 
	year={2020},
	volume={},
	number={},
	pages={5015-5019},
	doi={10.1109/ICASSP40776.2020.9053980}}\\


@ARTICLE{8490886,
	author={Mirzaei, Javad and Adve, Raviraj S. and Shahbazpanahi, Shahram},
	journal={IEEE Trans. Commun.}, 
	title={Semi-Blind Time-Domain Channel Estimation for Frequency-Selective Multiuser Massive {MIMO} Systems}, 
	year={2019},
	volume={67},
	number={2},
	pages={1045-1058},
	doi={10.1109/TCOMM.2018.2875724}}

@ARTICLE{7389996,
	author={Sohrabi, Foad and Yu, Wei},
	journal={IEEE J. Sel. Topics Signal Process.}, 
	title={Hybrid Digital and Analog Beamforming Design for Large-Scale Antenna Arrays}, 
	year={2016},
	volume={10},
	number={3},
	pages={501-513},
	doi={10.1109/JSTSP.2016.2520912}}\\

@ARTICLE{7926923,
	author={Foukas, Xenofon and Patounas, Georgios and Elmokashfi, Ahmed and Marina, Mahesh K.},
	journal={IEEE Commun. Mag.}, 
	title={Network Slicing in {5G}: Survey and Challenges}, 
	year={2017},
	volume={55},
	number={5},
	pages={94-100},
	doi={10.1109/MCOM.2017.1600951}}


@ARTICLE{8476595,
	author={Popovski, Petar and Trillingsgaard, Kasper Fløe and Simeone, Osvaldo and Durisi, Giuseppe},
	journal={IEEE Access}, 
	title={{5G} Wireless Network Slicing for {eMBB}, {URLLC}, and {mMTC}: A Communication-Theoretic View}, 
	year={2018},
	volume={6},
	number={},
	pages={55765-55779},
	doi={10.1109/ACCESS.2018.2872781}}


@ARTICLE{8004168,
	author={Zhang, Haijun and Liu, Na and Chu, Xiaoli and Long, Keping and Aghvami, Abdol-Hamid and Leung, Victor C. M.},
	journal={IEEE Commun. Mag.}, 
	title={Network Slicing Based {5G} and Future Mobile Networks: Mobility, Resource Management, and Challenges}, 
	year={2017},
	volume={55},
	number={8},
	pages={138-145},
	doi={10.1109/MCOM.2017.1600940}}


@ARTICLE{8743390,
	author={Sun, Yaohua and Peng, Mugen and Zhou, Yangcheng and Huang, Yuzhe and Mao, Shiwen},
	journal={IEEE Commun. Surveys and Tutorials}, 
	title={Application of Machine Learning in Wireless Networks: Key Techniques and Open Issues}, 
	year={2019},
	volume={21},
	number={4},
	pages={3072-3108},
	doi={10.1109/COMST.2019.2924243}}

@ARTICLE{7792374,
	author={Jiang, Chunxiao and Zhang, Haijun and Ren, Yong and Han, Zhu and Chen, Kwang-Cheng and Hanzo, Lajos},
	journal={IEEE Wireless Commun.}, 
	title={Machine Learning Paradigms for Next-Generation Wireless Networks}, 
	year={2017},
	volume={24},
	number={2},
	pages={98-105},
	doi={10.1109/MWC.2016.1500356WC}}

@ARTICLE{9141214,
	author={Niknam, Solmaz and Dhillon, Harpreet S. and Reed, Jeffrey H.},
	journal={IEEE Commun. Mag.}, 
	title={Federated Learning for Wireless Communications: Motivation, Opportunities, and Challenges}, 
	year={2020},
	volume={58},
	number={6},
	pages={46-51},
	doi={10.1109/MCOM.001.1900461}}


@ARTICLE{9754259,
	author={Mirzaei, Javad and Shahbaz Panahi, Shahram and Adve, Raviraj S. and Gopal, Navaneetha Krishna Madan},
	journal={IEEE Trans. Signal Process.}, 
	title={Deep Generative Models for Downlink Channel Estimation in {FDD} Massive {MIMO} Systems}, 
	year={2022},
	volume={70},
	number={},
	pages={2000-2014},
	doi={10.1109/TSP.2022.3163671}}


@ARTICLE{8685766,
	author={Zhang, Shunliang},
	journal={IEEE Wireless Commun.}, 
	title={An Overview of Network Slicing for {5G}}, 
	year={2019},
	volume={26},
	number={3},
	pages={111-117},
	doi={10.1109/MWC.2019.1800234}}

@Article{s22197591,
	AUTHOR = {Sylla, Tidiane and Mendiboure, Leo and Maaloul, Sassi and Aniss, Hasnaa and Chalouf, Mohamed Aymen and Delbruel, Stéphane},
	TITLE = {Multi-Connectivity for {5G} Networks and Beyond: A Survey},
	JOURNAL = {Sensors},
	VOLUME = {22},
	YEAR = {2022},
	NUMBER = {19},
	ARTICLE-NUMBER = {7591},
	URL = {https://www.mdpi.com/1424-8220/22/19/7591},
	PubMedID = {36236690},
	ISSN = {1424-8220},
	DOI = {10.3390/s22197591}
}

@ARTICLE{8712527,
	author={Sharma, Shree Krishna and Wang, Xianbin},
	journal={IEEE Commun Surveys and Tutorials}, 
	title={Toward Massive Machine Type Communications in Ultra-Dense Cellular IoT Networks: Current Issues and Machine Learning-Assisted Solutions}, 
	year={2020},
	volume={22},
	number={1},
	pages={426-471},
	doi={10.1109/COMST.2019.2916177}}

@article{URLLCarticle,
	author = {Siddiqi, Murtaza and Yu, Xinjun and Joung,},
	year = {2019},
	month = {09},
	pages = {981},
	title = {{5G} Ultra-Reliable Low-Latency Communication Implementation Challenges and Operational Issues with {IoT} Devices},
	volume = {8},
	journal = {Electronics},
	doi = {10.3390/electronics8090981}
}


@ARTICLE{9305191,
	author={Le, Trung-Kien and Salim, Umer and Kaltenberger, Florian},
	journal={IEEE Access}, 
	title={An Overview of Physical Layer Design for Ultra-Reliable Low-Latency Communications in {3GPP} Releases 15, 16, and 17}, 
	year={2021},
	volume={9},
	number={},
	pages={433-444},
	doi={10.1109/ACCESS.2020.3046773}}


@misc{https://doi.org/10.48550/arxiv.2208.09125,
	doi = {10.48550/ARXIV.2208.09125},
	url = {https://arxiv.org/abs/2208.09125},
	author = {Azariah, Wilfrid and Bimo, Fransiscus Asisi and Lin, Chih-Wei and Cheng, Ray-Guang and Jana, Rittwik and Nikaein, Navid},
	title = {A Survey on Open Radio Access Networks: Challenges, Research Directions, and Open Source Approaches},
	publisher = {arXiv},
	
	year = {2022},
	copyright = {Creative Commons Attribution Non Commercial No Derivatives 4.0 International}
}

@ARTICLE{9627832,
	author={Bonati, Leonardo and D'Oro, Salvatore and Polese, Michele and Basagni, Stefano and Melodia, Tommaso},
	journal={IEEE Commun. Mag.}, 
	title={Intelligence and Learning in {O-RAN} for Data-Driven NextG Cellular Networks}, 
	year={2021},
	volume={59},
	number={10},
	pages={21-27},
	doi={10.1109/MCOM.101.2001120}}


@misc{https://doi.org/10.48550/arxiv.2202.01032,
	doi = {10.48550/ARXIV.2202.01032},
	url = {https://arxiv.org/abs/2202.01032},
	author = {Polese, Michele and Bonati, Leonardo and D'Oro, Salvatore and Basagni, Stefano and Melodia, Tommaso},
	title = {Understanding {O-RAN}: Architecture, Interfaces, Algorithms, Security, and Research Challenges},
	publisher = {arXiv},
	year = {2022},
	copyright = {arXiv.org perpetual, non-exclusive license}
}

\\
@ARTICLE{8972429,
	author={Rasheed, Adil and San, Omer and Kvamsdal, Trond},
	journal={IEEE Access}, 
	title={Digital Twin: Values, Challenges and Enablers From a Modeling Perspective}, 
	year={2020},
	volume={8},
	number={},
	pages={21980-22012},
	doi={10.1109/ACCESS.2020.2970143}}


@ARTICLE{9220177,
	author={Maier, Martin and Ebrahimzadeh, Amin and Rostami, Sajjad and Beniiche, Abdeljalil},
	journal={IEEE Commun. Mag.}, 
	title={The Internet of No Things: Making the Internet Disappear and "See the Invisible"}, 
	year={2020},
	volume={58},
	number={11},
	pages={76-82},
	doi={10.1109/MCOM.001.2000098}}

\\
@ARTICLE{9696282,
	author={Ahmadi, Hamed and Nag, Avishek and Khar, Zaheer and Sayrafian, Kamran and Rahardja, Susanto},
	journal={IEEE Commun. Standards Mag.}, 
	title={Networked Twins and Twins of Networks: An Overview on the Relationship Between Digital Twins and {6G}}, 
	year={2021},
	volume={5},
	number={4},
	pages={154-160},
	doi={10.1109/MCOMSTD.0001.2000041}}


@Article{s23031197,
	AUTHOR = {Vilà, Irene and Sallent, Oriol and Pérez-Romero, Jordi},
	TITLE = {On the Design of a Network Digital Twin for the Radio Access Network in {5G} and Beyond},
	JOURNAL = {Sensors},
	VOLUME = {23},
	YEAR = {2023},
	NUMBER = {3},
	ARTICLE-NUMBER = {1197},
	URL = {https://www.mdpi.com/1424-8220/23/3/1197},
	PubMedID = {36772235},
	ISSN = {1424-8220},
	DOI = {10.3390/s23031197},
	note={Accessed 2023-07-05}
}

@misc{https://doi.org/10.48550/arxiv.2206.00310,
	doi = {10.48550/ARXIV.2206.00310},
	url = {https://arxiv.org/abs/2206.00310},
	author = {Hui, Linbo and Wang, Mowei and Zhang, Liang and Lu, Lu and Cui, Yong},	
	title = {Digital Twin for Networking: A Data-driven Performance Modeling Perspective},
	publisher = {arXiv},
	year = {2022},
	copyright = {arXiv.org perpetual, non-exclusive license}
}


@ARTICLE{9429703,
	author={Wu, Yiwen and Zhang, Ke and Zhang, Yan},
	journal={IEEE Internet of Things J.}, 
	title={Digital Twin Networks: A Survey}, 
	year={2021},
	volume={8},
	number={18},
	pages={13789-13804},
	doi={10.1109/JIOT.2021.3079510}}


@ARTICLE{10012285,
	author={Guo, Qi and Tang, Fengxiao and Rodrigues, Tiago Koketsu and Kato, Nei},
	journal={IEEE Wireless Commun.}, 
	title={Five Disruptive Technologies in {6G} to Support Digital Twin Networks}, 
	year={2023},
	volume={},
	number={},
	pages={1-8},
	doi={10.1109/MWC.013.2200296}}



@online{ORAN_Alliance,
	author={{ORAN} Alliance,},
	title={{O-RAN} WhitePaper - Building the Next Generation
	{RAN}}, 
	URL = {https://www.o-ran.org/resources},
	urldate = {2023-03-13}, 
	}





@ARTICLE{9627832,
	author={Bonati, Leonardo and D'Oro, Salvatore and Polese, Michele and Basagni, Stefano and Melodia, Tommaso},
	journal={IEEE Commun. Mag.}, 
	title={Intelligence and Learning in {O-RAN} for Data-Driven {NextG} Cellular Networks}, 
	year={2021},
	volume={59},
	number={10},
	pages={21-27},
	doi={10.1109/MCOM.101.2001120}}



@INPROCEEDINGS{9367572,
	author={Lee, Hoejoo and Cha, Jiwon and Kwon, Daeken and Jeong, Myeonggi and Park, Intaik},
	booktitle={IEEE Globecom Workshops (GC Wkshps}, 
	title={Hosting {AI/ML} Workflows on {O-RAN} {RIC} Platform}, 
	year={2020},
	volume={},
	number={},
	pages={1-6},
	doi={10.1109/GCWkshps50303.2020.9367572}}

@ARTICLE{9798822,
	author={Arnaz, Azadeh and Lipman, Justin and Abolhasan, Mehran and Hiltunen, Matti},
	journal={IEEE Access}, 
	title={Toward Integrating Intelligence and Programmability in Open Radio Access Networks: A Comprehensive Survey}, 
	year={2022},
	volume={10},
	number={},
	pages={67747-67770},
	doi={10.1109/ACCESS.2022.3183989}}

@ARTICLE{9695955,
	author={Brik, Bouziane and Boutiba, Karim and Ksentini, Adlen},
	journal={IEEE Open J. Commun. Society}, 
	title={Deep Learning for {B5G} Open Radio Access Network: Evolution, Survey, Case Studies, and Challenges}, 
	year={2022},
	volume={3},
	number={},
	pages={228-250},
	doi={10.1109/OJCOMS.2022.3146618}}

@ARTICLE{9579445,
	author={Garcia-Saavedra, Andres and Costa-Pérez, Xavier},
	journal={Proc. IEEE Commun. Standard Mag.}, 
	title={{O-RAN}: Disrupting the Virtualized {RAN} Ecosystem}, 
	year={2021},
	volume={5},
	number={4},
	pages={96-103},
	doi={10.1109/MCOMSTD.101.2000014}}


@INPROCEEDINGS{9420037,
	author={Deng, Juan and Zheng, Qingbi and Liu, Guangyi and Bai, Jielin and Tian, Kaicong and Sun, Changhao and Yan, Yujie and Liu, Yitong},
	booktitle={IEEE Wireless Commun. Networking Conf. Workshops (WCNCW)}, 
	title={A Digital Twin Approach for Self-optimization of Mobile Networks}, 
	year={2021},
	volume={},
	number={},
	pages={1-6},
	doi={10.1109/WCNCW49093.2021.9420037}}

@INPROCEEDINGS{9682073,
	author={Naeem, Faisal and Kaddoum, Georges and Tariq, Muhammad},
	booktitle={Proc. IEEE Globecom Workshops (GC Wkshps)}, 
	title={Digital Twin-empowered Network Slicing in {B5G} Networks: Experience-driven approach}, 
	year={2021},
	volume={},
	number={},
	pages={1-5},
	doi={10.1109/GCWkshps52748.2021.9682073}}



@misc{ferriolgalmés2022routenetfermi,
	title={{RouteNet-Fermi}: Network Modeling with Graph Neural Networks}, 
	author={Miquel Ferriol-Galmés and Jordi Paillisse and José Suárez-Varela and Krzysztof Rusek and Shihan Xiao and Xiang Shi and Xiangle Cheng and Pere Barlet-Ros and Albert Cabellos-Aparicio},
	year={2022},
	eprint={2212.12070},
	archivePrefix={arXiv},
	primaryClass={cs.NI}
}


@article{conchon2009w,
	title={{W-NINE}: a two-stage emulation platform for mobile and wireless systems},
	author={Conchon, Emmanuel and P{\'e}rennou, Tanguy and Garcia, Johan and Diaz, Michel},
	journal={EURASIP J. Wireless Commun. and Networking},
	volume={2010},
	pages={1--20},
	year={2009},
	publisher={Springer}
}


@article{Lochin_2011,
	doi = {10.1007/s12243-011-0268-5},
	
	url = {https://doi.org/10.1007%2Fs12243-011-0268-5},
	
	year = 2011,
	month = {jul},
	
	publisher = {Springer Science and Business Media {LLC}
	},
	
	volume = {67},
	
	number = {5-6},
	
	pages = {247--255},
	
	author = {Emmanuel Lochin and Tanguy P{\'{e}}rennou and Laurent Dairaine},
	
	title = {When should {I} use network emulation?},
	
	journal = {annals of telecommunications - annales des t{\'{e}}l{\'{e}}communications}
}


@INPROCEEDINGS{8485853,
	author={Xu, Zhiyuan and Tang, Jian and Meng, Jingsong and Zhang, Weiyi and Wang, Yanzhi and Liu, Chi Harold and Yang, Dejun},
	booktitle={ IEEE Conf. Computer Commun.}, 
	title={Experience-driven Networking: A Deep Reinforcement Learning based Approach}, 
	year={2018},
	volume={},
	number={},
	pages={1871-1879},
	doi={10.1109/INFOCOM.2018.8485853}}

@ARTICLE{6449271,
	author={Tariq, Mukarram Bin and Bhandankar, Kaushik and Valancius, Vytautas and Zeitoun, Amgad and Feamster, Nick and Ammar, Mostafa},
	journal={IEEE/ACM Trans. Networking}, 
	title={Answering {“What-If”} Deployment and Configuration Questions With WISE: Techniques and Deployment Experience}, 
	year={2013},
	volume={21},
	number={1},
	pages={1-13},
	doi={10.1109/TNET.2012.2230448}}

@inproceedings{10.1145/2934872.2934898,
	author = {Sun, Yi and Yin, Xiaoqi and Jiang, Junchen and Sekar, Vyas and Lin, Fuyuan and Wang, Nanshu and Liu, Tao and Sinopoli, Bruno},
	title = {{CS2P}: Improving Video Bitrate Selection and Adaptation with Data-Driven Throughput Prediction},
	year = {2016},
	isbn = {9781450341936},
	publisher = {Association for Computing Machinery},
	address = {New York, NY, USA},
	url = {https://doi.org/10.1145/2934872.2934898},
	doi = {10.1145/2934872.2934898},
	abstract = {Bitrate adaptation is critical in ensuring good users’ quality-of-experience (QoE) in Internet video delivery system. Several efforts have argued that accurate throughput prediction can dramatically improve (1) initial bitrate selection for low startup delay and high initial resolution; (2) midstream bitrate adaptation for high QoE. However, prior ef- forts did not systematically quantify real-world throughput predictability or develop good prediction algorithms. To bridge this gap, this paper makes three key technical contributions: First, we analyze the throughput characteristics in a dataset with 20M+ sessions. We find: (a) Sessions sharing similar key features (e.g., ISP, region) present similar initial values and dynamical patterns; (b) There is a natural “stateful” dynamical behavior within a given session. Second, building on these insights, we develop CS2P, a better throughput prediction system. CS2P leverages data-driven approach to learn (a) clusters of similar sessions, (b) an initial throughput predictor, and (c) a Hidden-Markov-Model based midstream predictor modeling the stateful evolution of throughput. Third, we develop a prototype system and show by trace-driven simulation and real-world experiments that CS2P outperforms state-of-art by 40% and 50% median pre- diction error respectively for initial and midstream through- put and improves QoE by 14% over buffer-based adaptation algorithm.},
	booktitle = {Proceedings of the 2016 ACM SIGCOMM Conference},
	pages = {272–285},
	numpages = {14},
	keywords = {Throughput Prediction, TCP, Internet Video, Dynamic Adaptive Streaming over HTTP (DASH), Bitrate Adaptation},
	location = {Florianopolis, Brazil},
	series = {SIGCOMM '16}
}

@article{10.1145/3224421,
	author = {Wang, Mowei and Cui, Yong and Xiao, Shihan and Wang, Xin and Yang, Dan and Chen, Kai and Zhu, Jun},
	title = {Neural Network Meets {DCN}: Traffic-Driven Topology Adaptation with Deep Learning},
	year = {2018},
	issue_date = {June 2018},
	publisher = {Association for Computing Machinery},
	address = {New York, NY, USA},
	volume = {2},
	number = {2},
	url = {https://doi.org/10.1145/3224421},
	doi = {10.1145/3224421},
	journal = {Proc. ACM Meas. Anal. Comput. Syst.},
	month = {jun},
	articleno = {26},
	numpages = {25},
	keywords = {data center networks, deep learning, topology adaptation}
}


@article{10.1016/j.peva.2018.12.003,
	author = {Geyer, Fabien},
	title = {{DeepComNet}: Performance Evaluation of Network Topologies Using Graph-Based Deep Learning},
	year = {2019},
	issue_date = {Apr 2019},
	publisher = {Elsevier Science Publishers B. V.},
	address = {NLD},
	volume = {130},
	number = {C},
	issn = {0166-5316},
	url = {https://doi.org/10.1016/j.peva.2018.12.003},
	doi = {10.1016/j.peva.2018.12.003},
	journal = {Perform. Eval.},
	month = {apr},
	pages = {1–16},
	numpages = {16},
	keywords = {Graph neural network, Network performance evaluation, Deep learning}
}

@article{belhaj2009modeling,
	title={Modeling and Prediction of the Internet End-to-end Delay using Recurrent Neural Networks.},
	author={Belhaj, Salem and Tagina, Moncef},
	journal={J. Networks},
	volume={4},
	number={6},
	pages={528--535},
	year={2009}
}

@INPROCEEDINGS{8805044,
	author={Mohammed, AysŞe Rumeysa and Mohammed, Shady A. and Shirmohammadi, Shervin},
	booktitle={Int. Symp.  Measurements \& Networking (M \& N)}, 
	title={Machine Learning and Deep Learning Based Traffic Classification and Prediction in Software Defined Networking}, 
	year={2019},
	volume={},
	number={},
	pages={1-6},
	doi={10.1109/IWMN.2019.8805044}}\\

@article{ferriol2022routenet,
	title={{RouteNet-Fermi}: Network Modeling with Graph Neural Networks},
	author={Ferriol-Galm{\'e}s, Miquel and Paillisse, Jordi and Su{\'a}rez-Varela, Jos{\'e} and Rusek, Krzysztof and Xiao, Shihan and Shi, Xiang and Cheng, Xiangle and Barlet-Ros, Pere and Cabellos-Aparicio, Albert},
	journal={arXiv preprint arXiv:2212.12070},
	year={2022}
}

@article{rusek2020routenet,
	title={RouteNet: Leveraging graph neural networks for network modeling and optimization in SDN},
	author={Rusek, Krzysztof and Su{\'a}rez-Varela, Jos{\'e} and Almasan, Paul and Barlet-Ros, Pere and Cabellos-Aparicio, Albert},
	journal={IEEE Journal on Selected Areas in Communications},
	volume={38},
	number={10},
	pages={2260--2270},
	year={2020},
	publisher={IEEE}
}

@article{suarez2022graph,
	title={Graph neural networks for communication networks: Context, use cases and opportunities},
	author={Su{\'a}rez-Varela, Jos{\'e} and Almasan, Paul and Ferriol-Galm{\'e}s, Miquel and Rusek, Krzysztof and Geyer, Fabien and Cheng, Xiangle and Shi, Xiang and Xiao, Shihan and Scarselli, Franco and Cabellos-Aparicio, Albert and others},
	journal={IEEE Network},
	year={2022},
	publisher={IEEE}
}

@INPROCEEDINGS{9540090,
	author={Yang, Hongwei and Li, Yang and Yao, Kehan and Sun, Tao and Zhou, Cheng},
	booktitle={IEEE Int.l Conf. Digital Twins and Parallel Intelligence ({DTPI})}, 
	title={A Systematic Network Traffic Emulation Framework for Digital Twin Network}, 
	year={2021},
	volume={},
	number={},
	pages={94-97},
	doi={10.1109/DTPI52967.2021.9540090}}

@inproceedings{wang2022xnet,
	title={{xNet}: Improving expressiveness and granularity for network modeling with graph neural networks},
	author={Wang, Mowei and Hui, Linbo and Cui, Yong and Liang, Ru and Liu, Zhenhua},
	booktitle={IEEE INFOCOM 2022-IEEE Conference on Computer Communications},
	pages={2028--2037},
	year={2022},
	organization={IEEE}
}

@inproceedings{suzuki2020estimating,
	title={On estimating communication delays using graph convolutional networks with semi-supervised learning},
	author={Suzuki, Taisei and Yasuda, Yuichi and Nakamura, Ryo and Ohsaki, Hiroyuki},
	booktitle={2020 International Conference on Information Networking (ICOIN)},
	pages={481--486},
	year={2020},
	organization={IEEE}
}\\



@ARTICLE{5378489,
	author={Mirza, Mariyam and Sommers, Joel and Barford, Paul and Zhu, Xiaojin},
	journal={IEEE/ACM Trans. Networking}, 
	title={A Machine Learning Approach to {TCP} Throughput Prediction}, 
	year={2010},
	volume={18},
	number={4},
	pages={1026-1039},
	doi={10.1109/TNET.2009.2037812}}





@misc{NS3_manual,   
	title = {A Discrete-Event Network Simulator},   
	url = {https://www.nsnam.org/docs/release/3.38/manual/singlehtml/index.html},   
	author = {{NS-3 Manual}},   
	note = {Accessed on April 5, 2023} 
}


@misc{OMNET_manual,   
	title = {Discrete Event Simulator},   
	url = {https://omnetpp.org/intro/},   
	author = {{OMNet++}},   
	note = {Accessed on April 5, 2023} 
}


@article{popoola2017empirical,
	title={Empirical performance of weibull self-similar tele-traffic model},
	author={Popoola, J and Ipinyomi, RA},
	journal={Int. J. Engineering and Applied Sciences},
	volume={4},
	number={8},
	pages={257389},
	year={2017},
	publisher={Engineering Research Publication}
}


@article{zhang2010valiant,
	title={Valiant load-balancing: Building networks that can support all traffic matrices},
	author={Zhang-Shen, Rui},
	journal={Algorithms for next generation networks},
	pages={19--30},
	year={2010},
	publisher={Springer}
}

@article{liyanage2023open,
	title={Open RAN security: Challenges and opportunities},
	author={Liyanage, Madhusanka and Braeken, An and Shahabuddin, Shahriar and Ranaweera, Pasika},
	journal={Journal of Network and Computer Applications},
	volume={214},
	pages={103621},
	year={2023},
	url={https://ar5iv.labs.arxiv.org/html/2212.015101}
}


@INPROCEEDINGS{9677430,
	author={Bonati, Leonardo and et.al.},
	booktitle={IEEE Int. Sym. Dynamic Spectrum Access Networks ({DySPAN})}, 
	title={Colosseum: Large-Scale Wireless Experimentation Through Hardware-in-the-Loop Network Emulation}, 
	year={2021},
	volume={},
	number={},
	pages={105-113},
	doi={10.1109/DySPAN53946.2021.9677430}}


@misc{TIP,
	author={},
	title={Telecom Infra Project - {OpenRAN}},
	url={https://telecominfraproject.com/openran},
	note ={Accessed 2023-07-10},
}

@misc{Viavi,
	author={},
	title={VIAVI Solutions – {OpenRAN}},
	url={https://www.viavisolutions.com/en-us/solutions/open-ran},
	note ={Accessed 2023-05-1},
}

@misc{Sprint,
	author={},
	title={Sprint {OpenRAN} Testing},
	url={https://www.spirent.com/solutions/open-ran-testing},
	note ={Accessed 2023-05-1},
}


@techreport{ETSI_WP,
	title = {Artificial Intelligence ({AI}) in Test Systems, Testing {AI} Models and {ETSI GANA} Model’s Cognitive Decision Elements ({DEs}) via a Generic Test Framework for Testing {GANA} Multi-Layer Autonomics \& their {AI} Algorithms for Closed-Loop Network Automation},
	author = {{ETSI}},
	month={Mar.},
	year = {2020},
	type = {White Paper No.5},
	url={https://intwiki.etsi.org/images/ETSI_5G_PoC_White_Paper_No_5.pdf},
	note ={Accessed 2023-07-13},
}




@techreport{o-ran-E2E_tests,
	author      = "{O-RAN Alliance Test and Integration Focus Group}",
	title       = "{{O-RAN} End-to-end Test Specification 4.0}",
	type        = {Tech. Rep.},
	number      = {O-RAN.TIFG.E2E-Test.0-v04.00},
	year        = {2022},
	url={https://orandownloadsweb.azurewebsites.net/specifications/},
	note= {Accessed 2023-07-13}
}



@ARTICLE{O-RAN_IEEE,
	author={Polese, Michele and Bonati, Leonardo and D’Oro, Salvatore and Basagni, Stefano and Melodia, Tommaso},
	journal={IEEE Commun. Surveys \& Tut.}, 
	title={Understanding {O-RAN}: Architecture, Interfaces, Algorithms, Security, and Research Challenges}, 
	year={2023},
	volume={25},
	number={2},
	pages={1376-1411},
	doi={10.1109/COMST.2023.3239220}}


@techreport{O-RAN.WG1.O-RAN-Architecture-Description-v07.00,
	title = {{O-RAN} Architecture Description 9.0},
	author = {{O-RAN Alliance}},
	year = {2021},
	month = {June},
	institution = {O-RAN Alliance},
	number = {O-RAN.WG1.OAD-R003-v09.00},
	url= {https://orandownloadsweb.azurewebsites.net/specifications},
	note = {Accessed 2023-07-14}
}




@techreport{ORAN_Alliance1,
	author={{O-RAN Alliance}},
	title={{AI/ML} workflow description and requirements 1.03},
		author = {{O-RAN Alliance}},
	year = {2021},
	month = {Oct.},
	institution = {O-RAN Alliance},
	number = {O-RAN.WG2.AIML-v01.03}, 
	URL = {https://orandownloadsweb.azurewebsites.net/specifications/},
	note = {Accessed 2023-03-15}, 
}


@techreport{oran_UseCase_Report_10,
	title = {{O-RAN} Use Cases Analysis Report 11.0},
	author = {{O-RAN Alliance}},
	year = {2023},
	institution = {O-RAN Alliance},
	type = {Technical Report},
	number = {O-RAN.WG1.Use-Cases-Analysis-Report-R003-v11.00},
		url = {https://orandownloadsweb.azurewebsites.net/specifications/},
	note = {Accessed 2023-03-15}, 
}

@techreport{O-RAN.WG3.E2SM-RC-R003-v03.00,
	title = {{O-RAN} {E2} Service Model {(E2SM)}, {RAN} Control 3.0},
	author = {{O-RAN Alliance}},
	year = {2023},
	institution = {O-RAN Alliance},
	type = {Technical Report},
	number = {O-RAN.WG3.E2SM-RC-R003-v03.00},
	url = {https://orandownloadsweb.azurewebsites.net/specifications},
	note = {Accessed 2023-03-15}, 
}


@techreport{O-RAN.WG3.E2AP-R003-v03.01,
	title = {{O-RAN} {E2} Application Protocol {(E2AP)} 3.01},
	author = {{O-RAN Alliance}},
	year = {2023},
	institution = {O-RAN Alliance},
	type = {Technical Report},
	number = {O-RAN.WG3.E2AP-R003-v03.01},
	url = {https://orandownloadsweb.azurewebsites.net/specifications},
	note = {Accessed 2023-03-15}, 
}


